2106 3665
870 405 941 435 Ξ·
1601 388 1638 449 5
1652 410 1671 447 t

228 486 555 550 Conilitlzes
588 483 958 568 compositum
994 504 1060 546 ex
1084 481 1228 550 κῶνος
1252 506 1434 546 conus
1454 504 1510 548 et
1533 492 1681 558 λιθὸς

128 573 305 654 lapis.

146 759 518 889 MAngplexug
563 755 701 836 Sow.
725 789 788 799 -
809 756 1084 809 Molossus
1130 756 1317 811 Montf.
1333 789 1399 801 —-
1422 760 1687 817 Bucolites

178 847 334 886 ‘ont.

221 947 444 1007 Haecce
482 943 586 1005 tria
626 965 837 1028 genera
875 944 949 1004 ab
1000 945 1326 1007 auctoribus
1367 947 1529 1009 etiam
1571 951 1687 1010 huc

137 1032 478 1094 referuntur.
531 1032 894 1108 Amplexus
935 1030 1231 1093 SOWERBY1
1266 1079 1282 1109 ,
1326 1055 1412 1092 me
1458 1035 1686 1115 quidem

107 1162 111 1166 >
138 1117 330 1201 judice
352 1163 367 1192 ,
396 1116 617 1177 videtur
655 1117 901 1176 frustum
936 1116 1250 1198 pedunculi
1287 1119 1642 1180 Enorinitae
1665 1146 1684 1180 :

141 1205 453 1262 Molossus
508 1202 637 1261 item
690 1203 1001 1281 Polypus,
1055 1202 1231 1263 affinis
1278 1206 1473 1288 generi
1522 1206 1685 1266 Isicli

138 1290 320 1348 LAM.:
360 1288 659 1346 Batolites
685 1286 912 1346 tandem
942 1288 1275 1368 Tubiporae
1303 1294 1566 1352 musicae
1599 1294 1689 1352 vi-

136 1374 333 1433 cinus:
363 1368 433 1432 de
457 1373 565 1432 hoc
609 1394 744 1433 vero
786 1373 1143 1453 dubitamUS‚
1182 1398 1361 1458 quum
1395 1398 1590 1438 revera
1633 1377 1690 1436 in

142 1474 296 1541 septa
330 1458 544 1521 di‘visus
579 1458 816 1517 dicatur.

228 1661 312 1720 Ut
337 1660 559 1720 facilius
583 1659 1016 1741 perspiceretur,
1048 1660 1340 1740 quomodo
1361 1685 1569 1745 genera
1590 1688 1693 1725 an-

143 1761 232 1804 tea
259 1746 542 1828 proposita
577 1767 609 1804 a
641 1744 746 1804 sibi
769 1744 1012 1806 invicem
1038 1744 1506 1829 distinguuntur,
1529 1750 1696 1810 addi-

60 1830 62 1833 ’
144 1852 267 1891 mus

206 1972 512 2023 TABULAM
546 1969 870 2021 GENERUM
907 1967 1515 2027 CEPHALOPODORUM
1564 1976 1651 2026 sl-

608 2075 1148 2127 PHONOIDEORUM.

146 2182 212 2250 A)
248 2182 400 2249 Septis
423 2181 636 2248 margine
668 2181 1075 2231 foliaceo-lobatis.
1117 2218 1130 2233 .
1178 2184 1504 2245 AMMONITEA‚

211 2288 257 2356 Ι)
296 2290 432 2337 Testa
467 2288 656 2354 spiralis

242 2376 302 2441 a)
325 2374 602 2423 turriculata
639 2408 1133 2424 ..........
1165 2378 1403 2427 Turrites.
1440 2379 1500 2429 N.

246 2461 297 2529 b)
333 2458 584 2509 discoi'dea.

283 2545 336 2611 σε)
373 2546 662 2596 anfractibus
701 2547 844 2613 plane
866 2546 1095 2599 involutis
1133 2583 1145 2598 .
1177 2549 1412 2597 Globites.
1443 2547 1504 2598 N.

282 2630 337 2698 β)

323 2716 372 2783 1)
408 2717 579 2764 sensim
622 2716 888 2765 incrassatis
924 2753 938 2769 ‚
978 2754 989 2765 .
1028 2754 1042 2774 ,
1081 2742 1096 2767 ,’
1136 2753 1147 2764 .
1172 2721 1420 2768 Planites.
1455 2718 1517 2768 N.

319 2801 373 2869 2)
410 2813 603 2869 repente
626 2803 892 2851 incrassatis
918 2839 931 2850 .
970 2839 984 2852 .
1024 2839 1036 2850 .
1075 2839 1088 2867 f
1126 2839 1140 2854 .
1164 2805 1496 2859 Ammonites.
1532 2806 1661 2858 Lam.

724 2649 823 2680 non
911 2659 1043 2672 ·“-··--···

219 2909 290 2978 11)
324 2908 463 2958 Testa
499 2926 598 2957 non
631 2910 836 2976 spiralis.

253 2994 311 3061 a)
347 2994 400 3042 in
422 2992 519 3042 duo
541 3011 677 3043 crura
694 2995 918 3062 parallela
937 3008 1146 3047 curvata.
1172 3000 1426 3048 Hamites.
1447 3001 1579 3052 Sowe

257 3079 317 3146 b)
352 3090 493 3145 reeta,
517 3081 677 3140 conica
712 3115 726 3131 .
764 3118 779 3150 ³.
815 3117 1152 3138 .......
1179 3086 1456 3137 Baculites.
1491 3088 1603 3137 Lam
