2106 3665
359 459 426 495 12
1090 464 1159 490 z

349 539 579 623 reliquit
597 539 686 621 (9)
705 555 759 599 et
786 561 854 599 ex
875 537 1250 622 descriptione
1274 541 1895 619 Cuv12m1‚secundum

350 628 634 725 specimen
659 648 728 687 ex
747 626 942 685 itinere
956 627 1191 687 relatum
1220 643 1275 686 et
1294 629 1490 724 quod
1476 651 1534 687 111
1565 630 1767 689 Museo
1797 631 1899 688 Pa-

349 712 560 773 risiensi
602 727 943 773 asservatum
984 712 1131 789 fuit,
1184 730 1338 796 patet
1387 714 1495 796 ipsi
1544 736 1659 775 esse
1700 713 1898 776 decem

348 799 579 858 brachia
614 798 1010 879 subaequalia,
1040 820 1281 881 quorum
1308 801 1621 862 lateralium
1657 801 1902 861 anterio-

347 905 473 945 rum
500 906 599 965 par
631 906 831 966 parum
852 883 1080 969 longius
1115 902 1195 945 est
1216 888 1477 947 caeteris:
1502 890 1783 948 tentacula
1812 887 1904 950 de·

348 986 517 1030 sunt:
558 985 697 1030 testa
734 971 938 1052 partim
985 972 1200 1032 inclusa
1239 989 1319 1033 est
1358 991 1520 1049 cute,
1558 973 1638 1033 ita
1668 996 1806 1035 vero
1843 989 1909 1033 ut

352 1056 649 1118 dimidium
694 1058 982 1118 anfractus
1020 1058 1344 1140 posterioris
1397 1060 1716 1121 inferiorem
1753 1081 1910 1121 mar-

352 1143 543 1225 ginem
590 1144 845 1227 corporis
884 1144 1105 1204 efficiat.

437 1251 850 1331 Argonautae
865 1250 1067 1310 animal
1094 1251 1205 1333 jam
1229 1250 1598 1311 Ams'ro'rssms
1626 1265 1881 1331 tempore
1898 1295 1914 1325 ,

351 1334 739 1416 peculiaribus
773 1337 951 1419 ipsius
985 1337 1236 1398 moribus
1271 1355 1466 1398 notum
1494 1352 1611 1397 erat
1639 1359 1652 1395 ε
1682 1337 1912 1396 fortuna

353 1441 490 1481 vero
542 1422 765 1500 voluit,
826 1439 890 1482 ut
936 1423 1081 1483 illud
1131 1445 1201 1482 ne
1250 1422 1420 1484 hodie
1468 1422 1700 1506 quidem
1750 1442 1917 1481 verus

354 1510 770 1588 Argonautae
786 1509 968 1569 incola
984 1509 1277 1570 habeatur.
1284 1511 1368 1570 Ita
1388 1509 1708 1593 nuperrime
1725 1506 1914 1566 adhuc

355 1591 646 1652 LEAcnms
694 1615 760 1652 ex
811 1595 995 1653 incola
1045 1594 1218 1677 hujus
1261 1612 1430 1656 testae
1479 1617 1691 1656 novum
1736 1613 1919 1676 genus

356 1678 672 1737 construxit
690 1679 797 1736 sub
822 1680 1042 1737 nomine
1071 1681 1379 1756 Ocyrhoes
1403 1682 1456 1761 (1
1471 1682 1551 1759 ο).
1579 1681 1782 1741 Plures
1807 1677 1923 1738 hu-

354 1765 447 1845 jus
482 1763 735 1822 animalis
766 1764 986 1846 figurae
1019 1763 1386 1824 inveniuntur
1419 1765 1574 1845 apud
1602 1767 1918 1823 Romamn

355 1850 408 1928 (1
432 1849 502 1927 1),
528 1849 916 1909 VALENTINUM
945 1850 995 1929 (1
1013 1849 1140 1928 2)et
1161 1848 1219 1906 in
1245 1869 1435 1931 opere,
1458 1850 1553 1909 cui
1574 1849 1772 1908 titulus
1795 1848 1870 1907 N
1865 1871 1920 1906 ο-

360 1957 499 1995 vum
534 1936 1023 1996 Vocabulariam
1057 1936 1380 1995 Historiae
1412 1937 1732 1996 Naturalis
1759 1934 1921 2012 (13),

358 2042 606 2101 quarum
643 2043 780 2082 vero
825 2023 980 2081 nulla
1022 2042 1153 2081 cum
1199 2023 1403 2081 natura
1439 2022 1608 2104 plane
1640 2019 1920 2081 convenit.

356 2107 424 2164 In
457 2107 659 2166 Museo
689 2130 757 2166 ex
786 2109 1122 2168 collectione
1148 2110 1607 2168 BRUGMANSIANA
1638 2105 1919 2189 specimen

360 2197 771 2275 Argonautae
791 2196 1196 2253 taberculatae
1218 2195 1275 2253 in
1298 2211 1443 2255 statu
1465 2194 1684 2277 juniore
1706 2192 1918 2274 optim-e

435 2321 494 2388 (9
503 2315 697 2379 3C0nf.
713 2317 897 2379 Peron,
918 2318 1126 2392 Voyage
1153 2338 1255 2371 aux
1282 2318 1461 2372 Terres
1481 2316 1917 2386 AustraleS‚Tom.

364 2391 403 2442 Ι.
439 2391 511 2461 pl.
540 2391 725 2461 XXX,
746 2391 830 2461 fig.
860 2392 909 2445 4.
941 2393 1165 2445 Erronea
1202 2413 1322 2446 vero
1343 2394 1546 2446 videtur
1568 2393 1694 2445 haec
1725 2391 1919 2459 figura,

366 2466 423 2516 in
450 2479 707 2538 quantum
734 2465 1361 2555 Clar.VALEN01ENNE83
1383 2469 1518 2522 Mus.
1553 2467 1664 2519 Par.
1689 2465 1921 2519 Conser—

364 2553 507 2592 vator
545 2538 761 2608 figuram
789 2541 918 2593 vidit
955 2542 1203 2610 Spirulae
1237 2542 1303 2592 ab
1346 2543 1458 2613 ipso
1506 2541 1760 2594 PERoNIO
1799 2558 1921 2592 cum

363 2613 487 2666 LAM
491 2628 699 2666 ARCKIO
720 2615 1170 2674 communicatam,
1192 2615 1245 2666 in
1264 2634 1367 2687 qua
1389 2615 1559 2684 etiam,
1573 2616 1650 2668 uti
1668 2618 1724 2667 in
1745 2613 1922 2685 Sepiis

365 2706 411 2739 et
438 2686 812 2760 Loliginibus,
825 2688 930 2741 duo
950 2686 1200 2740 tentacula
1218 2688 1451 2758 longiora
1472 2689 1706 2743 aderant.
1734 2687 1937 2740 Securi--

366 2761 495 2814 dum
511 2762 751 2816 eumdem
771 2782 860 2815 cor
878 2761 1112 2815 animalis
1130 2762 1334 2816 haeret
1319 2784 1375 2816 in
1392 2777 1539 2816 testae
1557 2776 1697 2834 parte
1716 2761 1921 2813 extima.

444 2835 557 2910 (10)
580 2834 1373 2911 Vid.Philos.Transact.1817
1397 2876 1417 2900 ,
1448 2857 1561 2909 pag
1595 2836 1717 2907 296,
1749 2832 1821 2907 pl.
1856 2850 1919 2887 12

374 2907 459 2979 fig.
495 2931 558 2962 1-
526 2910 614 2963 -6.
642 2910 768 2963 Item
790 2910 1016 2985 Tuclmy,
1042 2910 1353 2982 Expedition
1375 2926 1428 2964 to
1460 2910 1545 2963 the
1578 2910 1747 2969 Zaire,
1782 2910 1922 2980 ΑΡΡ.

368 2985 430 3036 ΙΙ.
448 3005 560 3055 pag.
586 2984 711 3054 400,
740 2985 794 3057 pl
834 3004 918 3046 12,
948 2986 1032 3054 fig.
1068 3007 1130 3038 1-
1099 2986 1188 3037 -6,

443 3060 493 3131 (1
509 3057 555 3127 1)
576 3059 700 3112 Vid.
718 3059 1077 3132 Amboynsche
1096 3054 1520 3113 Rariteit-kamer
1545 3057 1649 3110 tab.
1682 3056 1746 3111 18
1766 3055 1851 3126 fig.
1875 3076 1922 3109 1.

442 3132 556 3206 (12)
584 3133 708 3185 Vid.
728 3134 966 3186 Museum
994 3133 1384 3204 Zootomicum,
1401 3132 1504 3186 tab.
1531 3128 1634 3202 82,
1658 3130 1745 3202 fig.
1775 3131 1895 3203 167.

442 3208 554 3281 (25)
584 3206 706 3263 Vid.
726 3207 972 3262 Nouveau
987 3208 1340 3263 Dictionnaire
1365 3207 1418 3263 d'
1421 3207 1641 3264 Histoire
1658 3203 1919 3263 naturessie.
