2106 3665
172 502 542 561 LAMARCKms
558 523 739 583 neque
760 500 902 560 alius
918 508 1169 581 unquam
1185 501 1357 561 verba
1382 502 1452 561 de
1471 503 1556 562 his
1570 504 1721 565 fecit:

172 603 227 645 et
263 611 441 668 quum
484 588 705 647 tandem
744 588 1065 645 Bacalitae
1092 587 1398 667 specimina
1442 587 1625 648 adsint
1665 592 1723 649 in

173 672 372 731 Museo
394 674 608 755 Regio,
648 674 705 730 in
745 673 953 754 quibus
1000 693 1142 753 apex
1178 688 1289 731 tam
1332 674 1574 731 tenuiter
1619 697 1722 733 ex·-

173 774 383 816 tractus
411 775 520 833 est,
551 775 611 817 ut
638 781 701 817 ex
728 780 794 816 eo
823 759 1101 838 producto
1134 774 1188 817 et
1222 774 1458 818 curvato
1488 760 1723 821 alterum

174 862 303 903 crus
334 845 658 923 parallelum
700 844 926 903 formari
959 866 1071 903 non
1110 865 1273 924 posse
1315 844 1592 905 videatur.

253 947 469 1007 Nomen
510 951 878 1031 compositum
911 972 940 1009 e
973 950 1147 1011 verbo
1175 951 1477 1010 Boterdum
1513 967 1567 1010 et
1609 966 1723 1010 ter-

167 1050 465 1093 mlnatlone
503 1039 637 1094 ite-9.

632 1181 764 1241 VII.
817 1182 1128 1242 Ceratites.
1183 1182 1254 1245 N.

237 1283 381 1335 Testa
402 1297 626 1356 septam,
647 1287 801 1357 septis
830 1284 1080 1355 angulatis
1109 1284 1190 1340 vel
1208 1283 1460 1356 ligulatis,
1487 1281 1718 1357 spirahs·

165 1356 482 1410 anfractibus
510 1361 657 1411 semi-
662 1327 926 1416 involutis?

235 1452 296 1504 A
300 1454 583 1506 mmonztes
607 1452 915 1507 Auctorum.

248 1565 358 1624 Per
376 1568 777 1647 separationem
806 1568 1302 1635 Goniatiteoram,
1323 1584 1589 1623 numerus
1613 1587 1721 1648 ge·-

165 1670 359 1709 nerum
385 1652 698 1711 necessario
718 1651 947 1732 quidem
970 1652 1168 1732 augeli
1189 1650 1374 1708 debet.
1398 1650 1488 1708 Fit
1511 1665 1714 1725 autem,

165 1759 454 1831 generum
481 1757 714 1795 numero
759 1737 904 1815 justa
948 1736 1162 1794 ratione
1195 1733 1492 1816 augend0‚
1539 1736 1721 1817 magis

162 1844 220 1879 m
263 1822 525 1880 scientiae
564 1823 1005 1892 incrementum,
1050 1841 1219 1904 quam
1260 1820 1718 1878 decrementum:

165 1908 394 1987 quando
421 1929 618 1986 nempe
641 1906 1014 1965 necessarium
1039 1922 1118 1964 est
1138 1953 1153 1981 ‚
1177 1921 1238 1963 ut
1264 1905 1582 1964 accuratius
1605 1905 1719 1964 suis

161 1992 432 2052 limitibus
481 1992 991 2051 circumscribatur.
1046 1993 1210 2052 Patet
1262 1989 1494 2073 quidem
1546 1991 1718 2067 inde,

161 2077 317 2137 hunc
346 2093 613 2161 generum
658 2077 1213 2158 multiplicandorum
1255 2075 1548 2149 ardorem,
1601 2097 1718 2135 cu-

163 2164 277 2244 jus,
305 2186 353 2221 e.
377 2188 458 2247 g.,
475 2163 685 2222 familia
714 2164 1132 2223 Carabicorum
1160 2181 1210 2223 et
1236 2162 1719 2222 Curculionidam

162 2247 554 2329 apud'lnsecta
597 2251 907 2332 exemplum
943 2253 1207 2333 praebet,
1235 2270 1356 2310 non.
1390 2269 1505 2309 esse
1547 2268 1726 2331 quam»

163 2333 552 2395 defendamus.

255 2457 542 2519 Ceratit'es
569 2482 634 2519 ex
660 2459 782 2540 κέρα
811 2476 866 2519 et
904 2475 1062 2519 term.
1095 2485 1212 2522 ιτες.

596 2566 761 2659 VIII.
816 2603 1165 2660 GoniatiteS.
1205 2600 1280 2658 N.

239 2682 387 2735 Testa
413 2696 598 2754 septata
619 2723 634 2750 ‚
663 2686 813 2755 septis
841 2684 1089 2752 angulatis
1110 2683 1188 2740 vel
1207 2681 1459 2751 ligulatis‚
1483 2679 1719 2753 spiralis:

167 2756 480 2810 anfractibus
509 2757 658 2828 plane
687 2756 951 2811 inuolutis.

238 2868 532 2923 Nautilites
562 2872 697 2923 Lam.
747 2870 942 2943 (Me'm.
979 2870 1043 2921 de
1070 2870 1123 2921 Za
1152 2870 1271 2926 Soc.
1300 2870 1506 2921 (Z'Hz'st.
1538 2865 1711 2939 Nat-Y.

166 2964 232 2981 -
260 2945 496 3016 Pelagus
523 2984 540 3006 ,
585 2945 867 3018 Aganides
915 2942 1099 3016 Montf.
1128 2970 1196 2982 --
1239 2943 1509 2998 Orhulites
1567 2944 1713 2998 Lam»⁴

170 3019 329 3092 (Syst.
366 3021 459 3073 des
485 3019 679 3074 Anim.
717 3040 759 3076 s,
786 3016 943 3089 vert.)
