<?xml version="1.0" encoding="UTF-8"?>
<!DOCTYPE html PUBLIC "-//W3C//DTD XHTML 1.0 Transitional//EN"
    "http://www.w3.org/TR/xhtml1/DTD/xhtml1-transitional.dtd">
<html xmlns="http://www.w3.org/1999/xhtml" xml:lang="en" lang="en">
 <head>
  <title>
</title>
<meta http-equiv="Content-Type" content="text/html;charset=utf-8" />
  <meta name='ocr-system' content='tesseract 3.04.00' />
  <meta name='ocr-capabilities' content='ocr_page ocr_carea ocr_par ocr_line ocrx_word'/>
</head>
<body>
  <div class='ocr_page' id='page_1' title='image "./monographiaeammo00haan_0069.png"; bbox 0 0 2106 3665; ppageno 0'>
   <div class='ocr_carea' id='block_1_1' title="bbox 397 518 1432 604">
    <p class='ocr_par' dir='ltr' id='par_1_1' title="bbox 397 518 1432 604">
     <span class='ocr_line' id='line_1_1' title="bbox 397 518 1432 604; baseline 0 -23"><span class='ocrx_word' id='word_1_1' title='bbox 397 523 569 603; x_wconf 86' lang='lat' dir='ltr'><strong>hujus</strong></span> <span class='ocrx_word' id='word_1_2' title='bbox 606 518 828 604; x_wconf 84' lang='lat' dir='ltr'>generis</span> <span class='ocrx_word' id='word_1_3' title='bbox 849 564 865 594; x_wconf 83' lang='grc'>,</span> <span class='ocrx_word' id='word_1_4' title='bbox 903 518 973 577; x_wconf 90' lang='lat' dir='ltr'>de</span> <span class='ocrx_word' id='word_1_5' title='bbox 1007 540 1121 600; x_wconf 84' lang='lat' dir='ltr'>qua</span> <span class='ocrx_word' id='word_1_6' title='bbox 1148 540 1249 580; x_wconf 91' lang='lat' dir='ltr'>suo</span> <span class='ocrx_word' id='word_1_7' title='bbox 1288 523 1432 581; x_wconf 71' lang='lat' dir='ltr'>loco·</span> 
     </span>
    </p>
   </div>
   <div class='ocr_carea' id='block_1_2' title="bbox 193 624 1739 1481">
    <p class='ocr_par' dir='ltr' id='par_1_2' title="bbox 193 624 1739 1481">
     <span class='ocr_line' id='line_1_2' title="bbox 193 624 1733 711; baseline 0.003 -29"><span class='ocrx_word' id='word_1_8' title='bbox 193 629 262 687; x_wconf 83' lang='lat'>18</span> <span class='ocrx_word' id='word_1_9' title='bbox 279 649 375 686; x_wconf 86' lang='lat'>12—</span> <span class='ocrx_word' id='word_1_10' title='bbox 390 629 562 703; x_wconf 73' lang='grc'><strong>1824.</strong></span> <span class='ocrx_word' id='word_1_11' title='bbox 583 626 635 683; x_wconf 89' lang='lat' dir='ltr'>J.</span> <span class='ocrx_word' id='word_1_12' title='bbox 654 626 917 687; x_wconf 84' lang='lat' dir='ltr'>SOWERBY</span> <span class='ocrx_word' id='word_1_13' title='bbox 948 624 1005 679; x_wconf 91' lang='lat' dir='ltr'><em>T</em></span> <span class='ocrx_word' id='word_1_14' title='bbox 995 625 1069 682; x_wconf 79' lang='lat' dir='ltr'>lze</span> <span class='ocrx_word' id='word_1_15' title='bbox 1091 628 1344 684; x_wconf 78' lang='lat' dir='ltr'>mineral</span> <span class='ocrx_word' id='word_1_16' title='bbox 1359 626 1733 711; x_wconf 69' lang='lat' dir='ltr'>Conchology</span> 
     </span>
     <span class='ocr_line' id='line_1_3' title="bbox 393 711 1739 795; baseline 0 -23"><span class='ocrx_word' id='word_1_17' title='bbox 393 713 473 795; x_wconf 82' lang='lat' dir='ltr'>of</span> <span class='ocrx_word' id='word_1_18' title='bbox 485 714 669 772; x_wconf 79' lang='lat' dir='ltr'><em>Great</em></span> <span class='ocrx_word' id='word_1_19' title='bbox 691 711 960 769; x_wconf 79' lang='lat' dir='ltr'>Brittain</span> <span class='ocrx_word' id='word_1_20' title='bbox 982 732 1049 766; x_wconf 81' lang='lat' dir='ltr'>or</span> <span class='ocrx_word' id='word_1_21' title='bbox 1075 713 1354 770; x_wconf 73' lang='lat' dir='ltr'>coloured</span> <span class='ocrx_word' id='word_1_22' title='bbox 1352 713 1594 794; x_wconf 70' lang='lat' dir='ltr'>figures</span> <span class='ocrx_word' id='word_1_23' title='bbox 1616 717 1739 772; x_wconf 77' lang='lat' dir='ltr'>and</span> 
     </span>
     <span class='ocr_line' id='line_1_4' title="bbox 377 795 1734 882; baseline 0 -25"><span class='ocrx_word' id='word_1_24' title='bbox 377 800 797 875; x_wconf 76' lang='lat' dir='ltr'>descriptionS‚</span> <span class='ocrx_word' id='word_1_25' title='bbox 833 795 913 876; x_wconf 83' lang='lat' dir='ltr'>of</span> <span class='ocrx_word' id='word_1_26' title='bbox 937 797 1100 854; x_wconf 77' lang='lat' dir='ltr'><em>those</em></span> <span class='ocrx_word' id='word_1_27' title='bbox 1128 799 1416 856; x_wconf 80' lang='lat' dir='ltr'>Remains</span> <span class='ocrx_word' id='word_1_28' title='bbox 1453 800 1532 882; x_wconf 88' lang='lat' dir='ltr'>of</span> <span class='ocrx_word' id='word_1_29' title='bbox 1548 811 1734 857; x_wconf 78' lang='lat' dir='ltr'>testa-</span> 
     </span>
     <span class='ocr_line' id='line_1_5' title="bbox 391 883 1736 962; baseline 0.001 -20"><span class='ocrx_word' id='word_1_30' title='bbox 391 905 566 942; x_wconf 78' lang='lat' dir='ltr'>ceoas</span> <span class='ocrx_word' id='word_1_31' title='bbox 614 883 922 940; x_wconf 65' lang='lat' dir='ltr'>Animal-9</span> <span class='ocrx_word' id='word_1_32' title='bbox 970 884 1168 940; x_wconf 73' lang='lat' dir='ltr'>which</span> <span class='ocrx_word' id='word_1_33' title='bbox 1212 885 1362 943; x_wconf 69' lang='lat' dir='ltr'>have</span> <span class='ocrx_word' id='word_1_34' title='bbox 1413 887 1561 943; x_wconf 79' lang='lat' dir='ltr'>been</span> <span class='ocrx_word' id='word_1_35' title='bbox 1594 908 1736 962; x_wconf 78' lang='lat' dir='ltr'>pre-</span> 
     </span>
     <span class='ocr_line' id='line_1_6' title="bbox 389 968 1736 1048; baseline 0.001 -22"><span class='ocrx_word' id='word_1_36' title='bbox 389 968 604 1028; x_wconf 78' lang='lat' dir='ltr'>served</span> <span class='ocrx_word' id='word_1_37' title='bbox 639 980 705 1026; x_wconf 76' lang='lat' dir='ltr'>at</span> <span class='ocrx_word' id='word_1_38' title='bbox 745 970 982 1026; x_wconf 74' lang='lat' dir='ltr'>various</span> <span class='ocrx_word' id='word_1_39' title='bbox 1032 971 1205 1026; x_wconf 77' lang='lat' dir='ltr'>times</span> <span class='ocrx_word' id='word_1_40' title='bbox 1254 971 1382 1028; x_wconf 79' lang='lat' dir='ltr'>and</span> <span class='ocrx_word' id='word_1_41' title='bbox 1419 971 1627 1048; x_wconf 75' lang='lat' dir='ltr'>depths</span> <span class='ocrx_word' id='word_1_42' title='bbox 1674 973 1736 1029; x_wconf 80' lang='lat' dir='ltr'>in</span> 
     </span>
     <span class='ocr_line' id='line_1_7' title="bbox 388 1053 1733 1133; baseline 0.003 -23"><span class='ocrx_word' id='word_1_43' title='bbox 388 1056 488 1113; x_wconf 71' lang='lat' dir='ltr'>tlte</span> <span class='ocrx_word' id='word_1_44' title='bbox 534 1056 720 1113; x_wconf 75' lang='lat' dir='ltr'>earth.</span> <span class='ocrx_word' id='word_1_45' title='bbox 778 1053 1035 1114; x_wconf 89' lang='lat' dir='ltr'>London.</span> <span class='ocrx_word' id='word_1_46' title='bbox 1089 1053 1220 1114; x_wconf 91' lang='lat' dir='ltr'><strong>Vol.</strong></span> <span class='ocrx_word' id='word_1_47' title='bbox 1272 1056 1319 1113; x_wconf 91' lang='grc' dir='ltr'>Ι.</span> <span class='ocrx_word' id='word_1_48' title='bbox 1372 1059 1562 1133; x_wconf 76' lang='lat'>18123</span> <span class='ocrx_word' id='word_1_49' title='bbox 1603 1055 1733 1115; x_wconf 82' lang='lat' dir='ltr'><strong>Vol.</strong></span> 
     </span>
     <span class='ocr_line' id='line_1_8' title="bbox 383 1137 1735 1218; baseline 0.004 -23"><span class='ocrx_word' id='word_1_50' title='bbox 383 1139 467 1216; x_wconf 86' lang='grc' dir='ltr'>ΙΙ,</span> <span class='ocrx_word' id='word_1_51' title='bbox 502 1143 692 1216; x_wconf 77' lang='lat'><em>18183</em></span> <span class='ocrx_word' id='word_1_52' title='bbox 717 1137 848 1199; x_wconf 87' lang='lat' dir='ltr'><strong>Vol.</strong></span> <span class='ocrx_word' id='word_1_53' title='bbox 876 1140 993 1218; x_wconf 79' lang='lat' dir='ltr'>III,</span> <span class='ocrx_word' id='word_1_54' title='bbox 1034 1143 1179 1200; x_wconf 81' lang='lat'>1821</span> <span class='ocrx_word' id='word_1_55' title='bbox 1208 1165 1221 1217; x_wconf 80' lang='lat'>3</span> <span class='ocrx_word' id='word_1_56' title='bbox 1253 1140 1383 1200; x_wconf 84' lang='lat' dir='ltr'><strong>Vol.</strong></span> <span class='ocrx_word' id='word_1_57' title='bbox 1410 1142 1526 1215; x_wconf 86' lang='lat' dir='ltr'>IV,</span> <span class='ocrx_word' id='word_1_58' title='bbox 1565 1143 1735 1202; x_wconf 80' lang='lat'><strong>1823.</strong></span> 
     </span>
     <span class='ocr_line' id='line_1_9' title="bbox 388 1224 1738 1308; baseline 0.001 -25"><span class='ocrx_word' id='word_1_59' title='bbox 388 1224 694 1308; x_wconf 85' lang='lat' dir='ltr'>Perplures</span> <span class='ocrx_word' id='word_1_60' title='bbox 745 1226 963 1307; x_wconf 88' lang='lat' dir='ltr'>species</span> <span class='ocrx_word' id='word_1_61' title='bbox 1005 1227 1419 1288; x_wconf 82' lang='lat' dir='ltr'>accuratissime</span> <span class='ocrx_word' id='word_1_62' title='bbox 1469 1228 1738 1288; x_wconf 86' lang='lat' dir='ltr'>nitidissi-</span> 
     </span>
     <span class='ocr_line' id='line_1_10' title="bbox 388 1312 1735 1393; baseline 0.001 -24"><span class='ocrx_word' id='word_1_63' title='bbox 388 1332 589 1393; x_wconf 84' lang='lat' dir='ltr'>meque</span> <span class='ocrx_word' id='word_1_64' title='bbox 611 1312 920 1372; x_wconf 84' lang='lat' dir='ltr'>delineatae</span> <span class='ocrx_word' id='word_1_65' title='bbox 940 1313 1325 1375; x_wconf 80' lang='lat' dir='ltr'>inveniuntur.</span> <span class='ocrx_word' id='word_1_66' title='bbox 1351 1314 1529 1374; x_wconf 76' lang='lat' dir='ltr'>Citam</span> <span class='ocrx_word' id='word_1_67' title='bbox 1551 1314 1702 1372; x_wconf 82' lang='lat' dir='ltr'>nulla</span> <span class='ocrx_word' id='word_1_68' title='bbox 1720 1358 1735 1389; x_wconf 88' lang='lat'>‚</span> 
     </span>
     <span class='ocr_line' id='line_1_11' title="bbox 384 1399 1654 1481; baseline 0 -25"><span class='ocrx_word' id='word_1_69' title='bbox 384 1414 608 1477; x_wconf 79' lang='lat' dir='ltr'>praeter</span> <span class='ocrx_word' id='word_1_70' title='bbox 642 1420 932 1480; x_wconf 81' lang='lat' dir='ltr'>perpauca</span> <span class='ocrx_word' id='word_1_71' title='bbox 982 1421 1047 1458; x_wconf 85' lang='lat' dir='ltr'>ex</span> <span class='ocrx_word' id='word_1_72' title='bbox 1087 1401 1356 1480; x_wconf 81' lang='lat' dir='ltr'>operibus</span> <span class='ocrx_word' id='word_1_73' title='bbox 1394 1399 1654 1481; x_wconf 83' lang='lat' dir='ltr'><strong>anglicis.</strong></span> 
     </span>
    </p>
   </div>
   <div class='ocr_carea' id='block_1_3' title="bbox 191 1501 1737 1753">
    <p class='ocr_par' dir='ltr' id='par_1_3' title="bbox 191 1501 1737 1753">
     <span class='ocr_line' id='line_1_12' title="bbox 191 1501 1737 1564; baseline 0.004 -6"><span class='ocrx_word' id='word_1_74' title='bbox 191 1523 211 1558; x_wconf 92' lang='lat'>1</span> <span class='ocrx_word' id='word_1_75' title='bbox 224 1503 260 1562; x_wconf 84' lang='lat'>8</span> <span class='ocrx_word' id='word_1_76' title='bbox 275 1523 294 1559; x_wconf 92' lang='lat'><em>1</em></span> <span class='ocrx_word' id='word_1_77' title='bbox 307 1501 362 1561; x_wconf 89' lang='grc'>6.</span> <span class='ocrx_word' id='word_1_78' title='bbox 396 1502 708 1562; x_wconf 80' lang='lat' dir='ltr'>DUVERNOY</span> <span class='ocrx_word' id='word_1_79' title='bbox 736 1505 1163 1562; x_wconf 83' lang='lat' dir='ltr'>Dictionnaire</span> <span class='ocrx_word' id='word_1_80' title='bbox 1183 1505 1290 1562; x_wconf 77' lang='lat' dir='ltr'>des</span> <span class='ocrx_word' id='word_1_81' title='bbox 1317 1506 1594 1563; x_wconf 78' lang='lat' dir='ltr'>Sciences</span> <span class='ocrx_word' id='word_1_82' title='bbox 1612 1506 1688 1564; x_wconf 89' lang='lat' dir='ltr'><strong><em>N</em></strong></span> <span class='ocrx_word' id='word_1_83' title='bbox 1680 1527 1737 1563; x_wconf 78' lang='lat' dir='ltr'>a·</span> 
     </span>
     <span class='ocr_line' id='line_1_13' title="bbox 389 1589 1222 1646; baseline 0.002 -3"><span class='ocrx_word' id='word_1_84' title='bbox 389 1589 632 1644; x_wconf 76' lang='lat' dir='ltr'>tarelles</span> <span class='ocrx_word' id='word_1_85' title='bbox 669 1603 774 1644; x_wconf 84' lang='lat' dir='ltr'><strong>art.</strong></span> <span class='ocrx_word' id='word_1_86' title='bbox 807 1590 1222 1646; x_wconf 77' lang='lat' dir='ltr'>AmmoniteS.</span> 
     </span>
     <span class='ocr_line' id='line_1_14' title="bbox 387 1670 1732 1753; baseline 0.004 -24"><span class='ocrx_word' id='word_1_87' title='bbox 387 1670 528 1730; x_wconf 90' lang='lat' dir='ltr'>Tres</span> <span class='ocrx_word' id='word_1_88' title='bbox 554 1672 768 1752; x_wconf 89' lang='lat' dir='ltr'>species</span> <span class='ocrx_word' id='word_1_89' title='bbox 791 1671 1117 1751; x_wconf 79' lang='lat' dir='ltr'>descripsit,</span> <span class='ocrx_word' id='word_1_90' title='bbox 1141 1672 1213 1730; x_wconf 90' lang='lat' dir='ltr'>de</span> <span class='ocrx_word' id='word_1_91' title='bbox 1235 1671 1446 1753; x_wconf 86' lang='lat' dir='ltr'>quibus</span> <span class='ocrx_word' id='word_1_92' title='bbox 1467 1695 1570 1734; x_wconf 90' lang='lat' dir='ltr'>suo</span> <span class='ocrx_word' id='word_1_93' title='bbox 1588 1675 1732 1735; x_wconf 81' lang='lat' dir='ltr'>loco,</span> 
     </span>
    </p>
   </div>
   <div class='ocr_carea' id='block_1_4' title="bbox 190 1776 1739 2287">
    <p class='ocr_par' dir='ltr' id='par_1_4' title="bbox 190 1776 1739 2287">
     <span class='ocr_line' id='line_1_15' title="bbox 190 1776 1737 1858; baseline 0.003 -23"><span class='ocrx_word' id='word_1_94' title='bbox 190 1777 359 1837; x_wconf 85' lang='lat'><strong>1816.</strong></span> <span class='ocrx_word' id='word_1_95' title='bbox 378 1776 718 1836; x_wconf 86' lang='lat' dir='ltr'><strong>DESMAREST</strong></span> <span class='ocrx_word' id='word_1_96' title='bbox 782 1777 1042 1834; x_wconf 75' lang='lat' dir='ltr'><em>Journal</em></span> <span class='ocrx_word' id='word_1_97' title='bbox 1096 1777 1170 1834; x_wconf 80' lang='lat' dir='ltr'>cle</span> <span class='ocrx_word' id='word_1_98' title='bbox 1229 1777 1553 1858; x_wconf 72' lang='lat' dir='ltr'>Physiqzce</span> <span class='ocrx_word' id='word_1_99' title='bbox 1593 1826 1608 1856; x_wconf 84' lang='grc'>,</span> <span class='ocrx_word' id='word_1_100' title='bbox 1665 1782 1737 1839; x_wconf 81' lang='lat' dir='ltr'>de</span> 
     </span>
     <span class='ocr_line' id='line_1_16' title="bbox 396 1862 1735 1925; baseline 0.005 -7"><span class='ocrx_word' id='word_1_101' title='bbox 396 1862 628 1920; x_wconf 82' lang='lat' dir='ltr'>Clzz&#39;mie</span> <span class='ocrx_word' id='word_1_102' title='bbox 653 1878 705 1921; x_wconf 88' lang='lat' dir='ltr'>et</span> <span class='ocrx_word' id='word_1_103' title='bbox 726 1862 1078 1923; x_wconf 78' lang='lat' dir='ltr'>d&#39;Histoire</span> <span class='ocrx_word' id='word_1_104' title='bbox 1106 1863 1182 1921; x_wconf 91' lang='lat' dir='ltr'><strong><em>N</em></strong></span> <span class='ocrx_word' id='word_1_105' title='bbox 1176 1866 1428 1922; x_wconf 75' lang='lat' dir='ltr'>atarelle</span> <span class='ocrx_word' id='word_1_106' title='bbox 1450 1864 1612 1924; x_wconf 89' lang='lat' dir='ltr'><strong>Tom.</strong></span> <span class='ocrx_word' id='word_1_107' title='bbox 1642 1866 1735 1925; x_wconf 83' lang='grc'>85.</span> 
     </span>
     <span class='ocr_line' id='line_1_17' title="bbox 390 1945 1739 2031; baseline 0.005 -28"><span class='ocrx_word' id='word_1_108' title='bbox 390 1945 562 2005; x_wconf 88' lang='lat' dir='ltr'>Dedit</span> <span class='ocrx_word' id='word_1_109' title='bbox 586 1947 988 2007; x_wconf 80' lang='lat' dir='ltr'>Desmarestius</span> <span class='ocrx_word' id='word_1_110' title='bbox 1022 1946 1114 2007; x_wconf 80' lang='lat' dir='ltr'>hlc</span> <span class='ocrx_word' id='word_1_111' title='bbox 1139 1949 1598 2031; x_wconf 82' lang='lat' dir='ltr'>monographiam</span> <span class='ocrx_word' id='word_1_112' title='bbox 1620 1952 1739 2010; x_wconf 82' lang='lat' dir='ltr'>Ba-</span> 
     </span>
     <span class='ocr_line' id='line_1_18' title="bbox 392 2032 1739 2118; baseline 0.005 -30"><span class='ocrx_word' id='word_1_113' title='bbox 392 2033 730 2109; x_wconf 75' lang='lat' dir='ltr'>calitaram,</span> <span class='ocrx_word' id='word_1_114' title='bbox 751 2034 844 2093; x_wconf 89' lang='lat' dir='ltr'>cui</span> <span class='ocrx_word' id='word_1_115' title='bbox 877 2033 1037 2092; x_wconf 82' lang='lat' dir='ltr'>etiam</span> <span class='ocrx_word' id='word_1_116' title='bbox 1066 2032 1495 2116; x_wconf 76' lang='lat' dir='ltr'>descriptionem</span> <span class='ocrx_word' id='word_1_117' title='bbox 1526 2036 1739 2118; x_wconf 83' lang='lat' dir='ltr'>adjun—</span> 
     </span>
     <span class='ocr_line' id='line_1_19' title="bbox 387 2117 1738 2216; baseline 0.004 -40"><span class='ocrx_word' id='word_1_118' title='bbox 387 2117 468 2176; x_wconf 83' lang='lat' dir='ltr'>xit</span> <span class='ocrx_word' id='word_1_119' title='bbox 524 2119 660 2178; x_wconf 87' lang='lat' dir='ltr'>novi</span> <span class='ocrx_word' id='word_1_120' title='bbox 702 2119 923 2202; x_wconf 84' lang='lat' dir='ltr'>generis</span> <span class='ocrx_word' id='word_1_121' title='bbox 967 2119 1534 2216; x_wconf 63' lang='lat' dir='ltr'>Jehtycsarcolitoe,</span> <span class='ocrx_word' id='word_1_122' title='bbox 1583 2123 1738 2204; x_wconf 87' lang='lat' dir='ltr'>quod</span> 
     </span>
     <span class='ocr_line' id='line_1_20' title="bbox 393 2204 1311 2287; baseline 0.004 -26"><span class='ocrx_word' id='word_1_123' title='bbox 393 2204 735 2263; x_wconf 77' lang='lat' dir='ltr'>Rhabditae</span> <span class='ocrx_word' id='word_1_124' title='bbox 773 2204 847 2263; x_wconf 90' lang='lat' dir='ltr'>N.</span> <span class='ocrx_word' id='word_1_125' title='bbox 891 2204 1311 2287; x_wconf 74' lang='lat' dir='ltr'>conjungimus.</span> 
     </span>
    </p>
   </div>
   <div class='ocr_carea' id='block_1_5' title="bbox 195 2306 1738 2564">
    <p class='ocr_par' dir='ltr' id='par_1_5' title="bbox 195 2306 1738 2564">
     <span class='ocr_line' id='line_1_21' title="bbox 195 2306 1738 2392; baseline 0.003 -26"><span class='ocrx_word' id='word_1_126' title='bbox 195 2311 366 2371; x_wconf 83' lang='lat'><strong>1818.</strong></span> <span class='ocrx_word' id='word_1_127' title='bbox 388 2308 440 2367; x_wconf 90' lang='lat' dir='ltr'>J.</span> <span class='ocrx_word' id='word_1_128' title='bbox 473 2309 539 2366; x_wconf 88' lang='lat' dir='ltr'>C.</span> <span class='ocrx_word' id='word_1_129' title='bbox 574 2306 862 2369; x_wconf 74' lang='lat' dir='ltr'>REINECKE</span> <span class='ocrx_word' id='word_1_130' title='bbox 901 2313 1108 2370; x_wconf 76' lang='lat' dir='ltr'><em>Maris</em></span> <span class='ocrx_word' id='word_1_131' title='bbox 1136 2313 1467 2392; x_wconf 79' lang='lat' dir='ltr'>Protogaei</span> <span class='ocrx_word' id='word_1_132' title='bbox 1496 2313 1738 2371; x_wconf 78' lang='lat' dir='ltr'>Nautilz&#39;</span> 
     </span>
     <span class='ocr_line' id='line_1_22' title="bbox 395 2397 1735 2479; baseline 0.002 -26"><span class='ocrx_word' id='word_1_133' title='bbox 395 2397 902 2476; x_wconf 76' lang='lat' dir='ltr'>etArgonautae,</span> <span class='ocrx_word' id='word_1_134' title='bbox 928 2398 1106 2479; x_wconf 74' lang='lat' dir='ltr'><em>vulgo</em></span> <span class='ocrx_word' id='word_1_135' title='bbox 1133 2398 1247 2455; x_wconf 75' lang='lat' dir='ltr'>Cot</span> <span class='ocrx_word' id='word_1_136' title='bbox 1247 2419 1368 2454; x_wconf 69' lang='lat' dir='ltr'>maa</span> <span class='ocrx_word' id='word_1_137' title='bbox 1387 2400 1470 2455; x_wconf 86' lang='lat' dir='ltr'><em>A</em></span> <span class='ocrx_word' id='word_1_138' title='bbox 1472 2420 1735 2474; x_wconf 79' lang='lat' dir='ltr'>mmonzs</span> 
     </span>
     <span class='ocr_line' id='line_1_23' title="bbox 396 2481 1734 2564; baseline 0.003 -28"><span class='ocrx_word' id='word_1_139' title='bbox 396 2482 463 2537; x_wconf 85' lang='lat' dir='ltr'>in</span> <span class='ocrx_word' id='word_1_140' title='bbox 482 2483 564 2537; x_wconf 84' lang='lat' dir='ltr'><em>A</em></span> <span class='ocrx_word' id='word_1_141' title='bbox 561 2504 672 2561; x_wconf 78' lang='lat' dir='ltr'>gro</span> <span class='ocrx_word' id='word_1_142' title='bbox 694 2481 1021 2564; x_wconf 78' lang='lat' dir='ltr'>Coburgico</span> <span class='ocrx_word' id='word_1_143' title='bbox 1043 2493 1102 2540; x_wconf 80' lang='lat' dir='ltr'>et</span> <span class='ocrx_word' id='word_1_144' title='bbox 1123 2485 1363 2543; x_wconf 77' lang='lat' dir='ltr'>viciniis</span> <span class='ocrx_word' id='word_1_145' title='bbox 1385 2484 1734 2562; x_wconf 77' lang='lat' dir='ltr'>reperiundi.</span> 
     </span>
    </p>
   </div>
   <div class='ocr_carea' id='block_1_6' title="bbox 396 2563 1735 2730">
    <p class='ocr_par' dir='ltr' id='par_1_6' title="bbox 396 2563 1726 2730">
     <span class='ocr_line' id='line_1_24' title="bbox 398 2563 675 2647; baseline 0.012 -28"><span class='ocrx_word' id='word_1_146' title='bbox 398 2563 675 2647; x_wconf 83' lang='lat' dir='ltr'>Coburgi.</span> 
     </span>
     <span class='ocr_line' id='line_1_25' title="bbox 396 2648 1735 2730; baseline 0.007 -26"><span class='ocrx_word' id='word_1_147' title='bbox 396 2648 784 2708; x_wconf 84' lang='lat' dir='ltr'>Referuntur</span> <span class='ocrx_word' id='word_1_148' title='bbox 768 2673 827 2709; x_wconf 88' lang='lat' dir='ltr'><strong>m</strong></span> <span class='ocrx_word' id='word_1_149' title='bbox 855 2651 961 2709; x_wconf 86' lang='lat' dir='ltr'>hoc</span> <span class='ocrx_word' id='word_1_150' title='bbox 986 2652 1304 2730; x_wconf 77' lang='lat' dir='ltr'>opusculo,</span> <span class='ocrx_word' id='word_1_151' title='bbox 1341 2651 1497 2730; x_wconf 85' lang='lat' dir='ltr'>qnod</span> <span class='ocrx_word' id='word_1_152' title='bbox 1529 2650 1735 2713; x_wconf 78' lang='lat' dir='ltr'>diciuu</span> 
     </span>
    </p>
   </div>
   <div class='ocr_carea' id='block_1_7' title="bbox 395 2730 1735 3164">
    <p class='ocr_par' dir='ltr' id='par_1_7' title="bbox 395 2730 1735 3164">
     <span class='ocr_line' id='line_1_26' title="bbox 396 2730 1735 2817; baseline 0.004 -26"><span class='ocrx_word' id='word_1_153' title='bbox 396 2730 786 2814; x_wconf 78' lang='lat' dir='ltr'><strong>posthumum,</strong></span> <span class='ocrx_word' id='word_1_154' title='bbox 835 2736 914 2795; x_wconf 82' lang='lat'>36</span> <span class='ocrx_word' id='word_1_155' title='bbox 954 2734 1204 2795; x_wconf 79' lang='lat' dir='ltr'>diversae</span> <span class='ocrx_word' id='word_1_156' title='bbox 1244 2735 1456 2817; x_wconf 86' lang='lat' dir='ltr'>species</span> <span class='ocrx_word' id='word_1_157' title='bbox 1503 2738 1735 2796; x_wconf 72' lang='lat' dir='ltr'>Nauti-</span> 
     </span>
     <span class='ocr_line' id='line_1_27' title="bbox 395 2819 1735 2903; baseline 0.007 -28"><span class='ocrx_word' id='word_1_158' title='bbox 395 2819 585 2877; x_wconf 71' lang='lat' dir='ltr'><em>loram</em></span> <span class='ocrx_word' id='word_1_159' title='bbox 616 2834 670 2879; x_wconf 86' lang='lat' dir='ltr'>et</span> <span class='ocrx_word' id='word_1_160' title='bbox 693 2819 733 2878; x_wconf 79' lang='grc'>3</span> <span class='ocrx_word' id='word_1_161' title='bbox 762 2822 1290 2902; x_wconf 69' lang='lat' dir='ltr'>Argonautarum,</span> <span class='ocrx_word' id='word_1_162' title='bbox 1338 2844 1477 2903; x_wconf 80' lang='lat' dir='ltr'>quas</span> <span class='ocrx_word' id='word_1_163' title='bbox 1519 2825 1735 2884; x_wconf 87' lang='lat' dir='ltr'>medio-—</span> 
     </span>
     <span class='ocr_line' id='line_1_28' title="bbox 400 2903 1733 3017; baseline 0.007 -56"><span class='ocrx_word' id='word_1_164' title='bbox 400 2903 568 2963; x_wconf 88' lang='lat' dir='ltr'>criter</span> <span class='ocrx_word' id='word_1_165' title='bbox 584 2903 933 3004; x_wconf 81' lang='lat' dir='ltr'>descripsit,</span> <span class='ocrx_word' id='word_1_166' title='bbox 982 2907 1123 2965; x_wconf 83' lang='lat' dir='ltr'>bene</span> <span class='ocrx_word' id='word_1_167' title='bbox 1160 2929 1296 2968; x_wconf 85' lang='lat' dir='ltr'>vero</span> <span class='ocrx_word' id='word_1_168' title='bbox 1347 2908 1733 3017; x_wconf 81' lang='lat' dir='ltr'>depingendas</span> 
     </span>
     <span class='ocr_line' id='line_1_29' title="bbox 401 2989 1730 3078; baseline 0.005 -30"><span class='ocrx_word' id='word_1_169' title='bbox 401 2989 657 3064; x_wconf 82' lang='lat' dir='ltr'>curavit,</span> <span class='ocrx_word' id='word_1_170' title='bbox 689 2993 941 3073; x_wconf 86' lang='lat' dir='ltr'>quamvis</span> <span class='ocrx_word' id='word_1_171' title='bbox 964 2994 1154 3075; x_wconf 85' lang='lat' dir='ltr'>plures</span> <span class='ocrx_word' id='word_1_172' title='bbox 1177 2994 1326 3055; x_wconf 79' lang='lat' dir='ltr'>scala</span> <span class='ocrx_word' id='word_1_173' title='bbox 1352 2994 1513 3055; x_wconf 88' lang='lat' dir='ltr'>nimis</span> <span class='ocrx_word' id='word_1_174' title='bbox 1538 3019 1730 3078; x_wconf 75' lang='lat' dir='ltr'><strong>parva.</strong></span> 
     </span>
     <span class='ocr_line' id='line_1_30' title="bbox 408 3075 1733 3164; baseline 0.007 -31"><span class='ocrx_word' id='word_1_175' title='bbox 408 3075 530 3135; x_wconf 89' lang='lat' dir='ltr'>Sub</span> <span class='ocrx_word' id='word_1_176' title='bbox 589 3077 811 3140; x_wconf 89' lang='lat' dir='ltr'>nomine</span> <span class='ocrx_word' id='word_1_177' title='bbox 897 3100 1032 3144; x_wconf 82' lang='lat' dir='ltr'>vero</span> <span class='ocrx_word' id='word_1_178' title='bbox 1102 3089 1604 3164; x_wconf 77' lang='lat' dir='ltr'>Argonautarum</span> <span class='ocrx_word' id='word_1_179' title='bbox 1681 3099 1733 3143; x_wconf 88' lang='lat' dir='ltr'>et</span> 
     </span>
    </p>
   </div>
  </div>
 </body>
</html>
