2106 3665
906 411 979 436 Ξ
1346 434 1350 435 ff
1402 401 1404 403 ’
1641 386 1674 442 3

249 489 504 549 Verbum
543 490 941 550 Ammonites
982 487 1128 545 forte
1161 507 1194 543 a
1231 488 1382 544 Jove
1409 410 1723 569 Ammon}

164 573 602 652 deducendum,
642 574 738 634 oui
782 594 960 633 cornu
1005 571 1141 631 huic
1193 571 1370 631 simile
1417 572 1475 630 in
1524 574 1726 655 figuris

164 661 338 721 tribui
383 662 540 722 solet.

627 786 726 844 IV.
777 785 1062 843 Globz'teS.
1112 783 1187 843 N.

233 887 379 941 Testa
405 902 591 959 septata
607 927 623 957 ‚
660 890 812 961 septis
838 888 1127 958 frondosiS,
1155 886 1413 941 disco'l'dea
1441 905 1452 935 t
1479 885 1725 941 anfracti-

160 961 258 1014 bus
285 962 438 1034 plane
465 962 726 1016 involutis.

231 1077 293 1130 A
295 1079 579 1130 mmonites
594 1077 1062 1134 Sow.—Nautilus
1075 1076 1726 1148 Reim—Nautellipsites,

168 1151 439 1206 Orbulites
466 1151 680 1204 Park.—
689 1151 960 1208 Orbalites
986 1153 1126 1205 Lam.

245 1268 439 1327 Genus
458 1291 489 1327 a
510 1269 849 1349 quibusdam
879 1290 1009 1329 cum
1034 1271 1116 1327 A
1118 1269 1420 1327 mmonitis
1444 1268 1725 1346 conjunc-

158 1367 303 1428 tum,
333 1370 388 1412 at
412 1357 762 1414 LAMARcmo
787 1371 839 1414 et
858 1357 1277 1427 PARKmsomo,
1308 1354 1547 1412 maximo
1570 1353 1723 1432 jure,

157 1439 483 1500 distinctum
514 1442 621 1499 sub
651 1443 870 1500 nomine
906 1442 1221 1498 Orbalitae.
1268 1438 1486 1496 Nomen
1514 1439 1724 1495 immu-

157 1524 397 1584 tavimus
415 1571 428 1598 ‚
458 1526 592 1606 quia
613 1527 756 1585 inter
780 1527 1034 1606 Polypos
1054 1526 1165 1605 jam
1187 1522 1519 1582 condiderat
1541 1542 1724 1604 genus

156 1609 409 1688 ejusdem
452 1610 687 1668 nominis
734 1611 852 1691 ipse
895 1609 1453 1685 LAMARcss1us(25):
1486 1607 1542 1665 in
1573 1608 1724 1666 illius

153 1694 343 1754 locum
391 1697 475 1754 usi
524 1718 715 1753 sumus
757 1695 976 1752 nomine
1027 1695 1316 1767 Globitoe,
1361 1693 1494 1772 quia
1533 1693 1724 1772 plures

155 1781 368 1860 species
397 1782 685 1862 globosam
714 1781 947 1838 formam
973 1778 1196 1837 habent.
1228 1778 1402 1852 Quod
1438 1775 1512 1835 ad
1538 1778 1721 1836 Ναα-

157 1868 482 1942 tellipsitetz
512 1868 895 1924 PARKINSONH
923 1867 1148 1937 attinet,
1179 1885 1352 1946 Supra
1393 1863 1636 1923 diximus
1663 1863 1718 1922 in

156 1952 450 2010 tractando
479 1951 549 2010 de
575 1953 868 2010 Planitis.

242 2056 496 2116 Verbum
525 2056 896 2138 compositum
932 2078 961 2116 e
999 2057 1228 2116 Glohus
1259 2073 1315 2117 et
1330 2055 1723 2128 ¹terminatione

152 2143 290 2201 sites.

622 2248 698 2306 V.
749 2250 832 2307 H
826 2250 1058 2306 amites,
1106 2249 1253 2310 Sow.

232 2351 381 2403 Testa
412 2364 600 2423 septata
625 2391 642 2412 ,
672 2353 824 2423 septis
845 2351 1103 2404 frondosis
1120 2390 1135 2419 ,
1157 2371 1265 2403 non
1289 2349 1492 2423 spiralis
1509 2389 1530 2414 ,
1562 2370 1722 2421 angu-

159 2423 260 2476 lata
297 2425 378 2478 vel
421 2441 627 2478 curvata
670 2427 725 2477 in
756 2426 862 2478 duo
899 2447 1047 2479 crura
1083 2424 1338 2498 parallela.

232 2539 293 2590 A
296 2540 752 2592 mmonoceratites
767 2541 983 2595 Lam.——-
994 2539 1050 2591 T
1039 2540 1264 2591 oxerites
1279 2533 1568 2608 Rafinesq?
1584 2535 1635 2608 (2
1644 2533 1715 2606 b).

112 2739 115 2741 Α
238 2689 350 2765 (25)
393 2689 547 2744 Conf.
585 2691 806 2743 Histoire
846 2689 1102 2743 Naturelle
1142 2689 1229 2741 des
1282 2687 1549 2740 Animaux
1602 2706 1723 2740 sans

163 2766 438 2821 vertebres.
481 2763 602 2817 Vol.
640 2765 684 2815 ΙΙ
725 2784 841 2835 pag,
888 2765 1007 2835 196.
1634 2784 1637 2788 ·

238 2859 350 2935 (26)
390 2859 541 2913 Conf.
587 2858 801 2911 Journal
865 2859 928 2911 de
977 2858 1240 2930 Physique
1270 2895 1286 2923 ‚
1324 2856 1387 2908 de
1433 2855 1639 2908 Chimie
1674 2871 1723 2909 et

167 2935 444 2989 d'Histoire
484 2932 738 2987 Naturelle
773 2933 819 2984 T
884 2932 968 2986 58.
1019 2944 1137 3003 pag?
1173 2932 1308 2995 426,
1349 2950 1473 3003 seqq
1530 2931 1671 2983 char,
1707 2957 1718 2983 ε

166 3012 473 3082 cylindrace'
487 3048 501 3069 ‚
524 3008 713 3062 coarbe
733 3031 751 3059 .·
770 3008 1135 3061 articulations
1156 3007 1465 3080 diagonales
1487 3029 1505 3057 .·
1526 3006 1720 3077 sszlzon

168 3085 368 3137 central
384 3123 400 3154 ‚
426 3085 620 3152 solide,
655 3083 975 3155 eylizzclrace'.
