2106 3665
173 495 352 556 quum
401 476 645 536 carinam
698 473 975 554 integram
1022 470 1222 529 habeat
1255 516 1270 545 ‚
1341 470 1632 530 transimus
1680 473 1740 529 in

172 562 425 645 margine
452 563 672 621 sinistro
700 558 774 618 ad
799 578 1095 616 numerum
1122 577 1278 613 -22
1299 600 1315 628 ,
1366 554 1524 634 quod
1551 556 1607 612 in
1635 578 1737 614 su-

171 648 488 727 perioribus
524 647 836 720 indicatur,
865 642 1080 702 caeteris
1108 641 1366 700 omnibus
1398 662 1430 697 a
1462 662 1514 697 n.
1549 663 1568 696 1
1598 675 1633 683 -
1658 663 1732 697 22

172 733 493 815 praeteritis,
520 754 697 816 quum
721 732 812 790 illa
839 728 1111 788 divisione
1132 749 1320 787 omnes
1342 725 1557 806 species
1581 745 1741 782 com-

174 818 608 899 prehenduntur
638 816 828 875 carina
853 814 1019 874 dorso
1051 814 1338 873 crennlato
1374 811 1464 872 vel
1493 810 1739 869 dentato.

178 903 427 976 Quando
475 903 766 985 pergimus
817 901 889 960 ad
936 923 993 959 n.
1024 922 1138 977 22,
1179 898 1437 960 videmus
1485 897 1562 955 ibi
1622 896 1743 955 illas

175 989 391 1069 species
413 1035 428 1064 ,
471 1011 618 1070 quae
652 988 884 1048 dorsum
911 986 1195 1068 integrum
1234 985 1511 1057 habeant,
1551 1003 1746 1041 rursus

172 1073 353 1135 dividi
411 1076 470 1133 in
507 1075 660 1151 illas,
700 1074 911 1155 quibus
966 1088 1048 1132 est
1102 1071 1332 1131 dorsum
1380 1067 1745 1130 rotundatum

172 1161 264 1220 vel
295 1161 560 1221 obtusum
599 1177 652 1219 et
686 1161 741 1219 in
767 1160 890 1220 illas
916 1205 932 1235 ,
975 1158 1185 1241 quibus
1215 1157 1405 1217 carina
1432 1170 1512 1215 est
1539 1169 1740 1212 acuta:

174 1246 389 1327 priores
434 1246 992 1327 comprehenduntur
1026 1246 1169 1304 inter
1194 1268 1248 1303 n.
1279 1242 1526 1318 23-154
1560 1263 1571 1298 :
1609 1239 1745 1298 dum

173 1331 277 1391 hae
318 1355 375 1391 n.
411 1334 522 1393 155
559 1332 858 1414 incipiunt.
901 1330 1116 1392 Eadem
1146 1331 1362 1390 ratione
1405 1347 1575 1409 porro
1611 1345 1745 1407 per-

174 1434 319 1500 gunt
345 1416 667 1481 divisiones.
710 1419 803 1478 Ad
830 1442 882 1478 n.
914 1419 1028 1478 155
1058 1417 1302 1477 vidimus
1379 1416 1381 1418 ’

396 1538 728 1593 Anfractibus
754 1537 1088 1592 tuberculatis
1112 1571 1175 1580 —-
1188 1558 1209 1589 1,
1222 1538 1306 1590 56.

400 1644 726 1656 —————
760 1633 870 1666 non
897 1609 1229 1665 tuberculatis
1256 1610 1451 1683 —159.

177 1685 252 1746 ad
281 1709 337 1748 n.
371 1689 487 1748 160

398 1810 595 1865 Ultimo
621 1810 898 1883 penultimi
927 1811 1207 1864 dimidium
1236 1808 1502 1880 obtegente
1523 1825 1716 1880 -17o.

399 1884 692 1938 Penultimo
721 1885 872 1958 plane
898 1887 1129 1958 exposito
1153 1919 1216 1927 —-
1229 1885 1346 1958 175.

179 1958 253 2017 ad
298 1982 354 2017 n.
392 1963 506 2044 175
559 1963 635 2021 ita
689 1963 1077 2043 pervenimus,
1131 1961 1231 2020 ubi
1285 1981 1487 2019 nomen
1536 1955 1744 2039 speciei

182 2046 464 2126 quaesitae
504 2046 833 2108 invenimus.
875 2049 1066 2123 Quum
1095 2069 1312 2129 semper
1344 2045 1540 2105 eodem
1573 2042 1737 2116 redit,

181 2130 292 2191 hoc
326 2154 501 2192 unum
539 2135 853 2217 exemplum
896 2156 1001 2217 pro
1038 2134 1316 2193 omnibus,
