2106 3665
378 401 459 476 48
1122 429 1192 455 =

376 528 410 565 a
449 505 765 568 Sowssnssyo
790 506 1006 568 traditis
1028 554 1043 584 ⁷
1063 507 1179 569 huc
1213 523 1428 568 tantum
1448 508 1643 568 referri
1674 507 1917 571 Orthoc.

373 594 735 675 annulatam.
781 595 953 667 Quod
1003 617 1142 655 vero
1184 595 1255 654 ad
1306 616 1505 654 nomen
1565 595 1924 656 Orthocerae

373 679 946 739 velOrtlzoceratitae
967 681 1178 755 attinet,
1203 683 1297 741 illo
1319 682 1526 741 diversi
1542 698 1799 742 auctores
1813 684 1924 741 val-

373 763 445 822 de
477 763 722 824 diversas
744 782 906 826 testas
946 766 1245 826 donarunt.
1289 768 1480 827 Primo
1505 791 1535 827 a
1573 769 1921 827 LAMARcmo

373 850 645 910 tributum
716 869 796 911 est
855 852 1034 928 testiS,
1092 875 1231 934 quas
1291 872 1484 934 postea
1550 855 1924 932 Hippuritas

373 935 528 996 dixit.
569 938 636 994 In
680 936 928 1020 ejusdem
969 940 1275 998 recentiore
1304 941 1387 998 uti
1424 956 1478 998 et
1501 940 1557 997 in
1587 941 1922 999 PARKmso—

373 1045 452 1081 ΝΠ
507 1044 677 1103 opere
727 1025 891 1103 (4ο),
951 1024 1116 1084 datur
1187 1027 1338 1084 testis
1402 1025 1671 1085 teretibus
1731 1026 1842 1084 illis
1889 1045 1922 1084 e

369 1108 836 1186 Mioroscopieis
884 1110 991 1185 N.,
1039 1133 1279 1191 quorum
1326 1127 1500 1193 typus
1551 1126 1631 1169 est
1694 1111 1923 1168 Ortho—

368 1214 505 1252 oera
557 1198 957 1272 raphano'z'des
1002 1198 1350 1255 LAMARCKH.
1395 1198 1744 1257 SOWERBYUS
1789 1217 1924 1255 vero

370 1278 430 1335 in
480 1281 663 1360 primo
728 1282 1019 1342 volumine
1057 1284 1179 1363 ejus
1233 1282 1416 1363 operis
1459 1282 1586 1360 (41)
1627 1279 1772 1339 illud
1816 1279 1924 1339 ad-
1975 1303 1977 1305 ·

368 1363 553 1444 junxit
614 1367 796 1441 testis,
852 1367 922 1426 de
978 1368 1187 1449 quibus
1247 1369 1481 1449 agimus.
1540 1368 1645 1424 Jus
1710 1367 1926 1446 primae

368 1451 714 1509 auctoritatis
743 1474 881 1534 ergo
907 1475 1013 1533 pro
1051 1454 1354 1533 posteriore
1384 1450 1789 1512 vindicandum
1810 1468 1923 1528 est,

370 1557 549 1615 quum
607 1536 785 1616 ipsius
842 1540 1026 1618 operis
1070 1538 1312 1617 primum
1354 1538 1615 1597 volumen
1666 1538 1778 1617 jam
1819 1535 1926 1596 de-

370 1622 630 1680 cennium
683 1637 810 1680 ante
854 1640 1195 1703 postremum
1264 1624 1590 1682 LAMARcKn
1631 1621 1818 1703 operis
1872 1637 1926 1682 et

367 1707 512 1766 illud
542 1708 926 1767 PARfflNsoNn
976 1708 1260 1768 exstiterit.
1290 1710 1586 1767 Praeterea
1614 1710 1777 1767 etiam
1818 1728 1928 1768 no·-

368 1813 496 1849 men
549 1792 1021 1851 Orthoceratitae
1080 1794 1373 1874 vulgatum
1401 1812 1500 1868 *est
1552 1809 1605 1851 et
1643 1794 1757 1874 jam
1804 1793 1925 1852 du-

370 1876 507 1936 dum
565 1877 636 1935 ab
680 1878 1010 1937 auctoribus
1069 1877 1279 1938 saeculi
1333 1877 1783 1961 duodevigesimi
1832 1878 1924 1939 his

371 1963 523 2022 testis
565 1964 860 2022 tributum.

459 2087 926 2147 Orthoceratites
966 2081 1338 2169 compositum
1388 2108 1454 2148 ex
1497 2084 1625 2168 ὄρθὸς
1678 2098 1919 2159 rectu-9,

369 2171 490 2253 κέρα
517 2196 697 2232 corma
738 2190 791 2232 et
836 2175 1035 2232 termin
1082 2202 1203 2238 ιτες.

703 2318 928 2376 XVIII.
978 2320 1367 2398 HippariteS.
1423 2318 1577 2377 LAM.

440 2402 589 2455 Testa
642 2401 1181 2475 oylindraeeo-conica
1207 2443 1220 2461 ‚
1277 2416 1409 2454 recta
1450 2400 1530 2453 vel
1576 2399 1878 2451 subarcuata
1901 2439 1916 2466 ,

367 2478 505 2527 intus
532 2478 683 2547 septis
710 2479 1002 2528 transversis
1017 2478 1070 2527 in
1091 2475 1287 2528 loculos
1319 2475 1488 2546 plures
1508 2474 1769 2526 distincta:
1791 2475 1917 2525 cari·

367 2570 461 2602 nae
488 2550 618 2602 duae
664 2551 892 2603 internae
943 2548 1372 2618 longitudinale5‚
1410 2548 1651 2613 obtusae,
1690 2566 1918 2599 conver-

366 2639 534 2693 gentes
552 2665 566 2685 ,
626 2626 808 2696 parieti
878 2624 1122 2685 aduenae,
1184 2623 1413 2676 canalem
1489 2620 1916 2690 longitudinalem

368 2713 709 2769 praestantes:
749 2698 954 2754 loculus
990 2696 1206 2752 ultimus
1250 2695 1497 2769 operculo
1539 2694 1755 2748 clausus,

439 2849 563 2911 (40)
610 2849 763 2902 Conf.
807 2850 1164 2903 Introduction
1218 2862 1272 2899 to
1326 2847 1412 2898 the
1464 2844 1615 2917 study
1659 2840 1717 2895 of
1771 2841 1913 2896 fossil

370 2920 593 2990 Organic
628 2925 868 2977 Remains
908 2944 1022 2996 pag.
1063 2924 1161 2975 166
1207 2921 1334 2973 Tab.
1363 2918 1571 2987 Vrfig..
1608 2936 1657 2988 9.

444 3015 569 3086 (41)
617 3016 770 3069 Conf.
801 3019 931 3072 Min.
959 3015 1165 3070 Conchs
1194 3012 1316 3071 Vol.
1355 3017 1378 3069 I
1411 3033 1524 3102 pag,
1561 3030 1680 3083 127·
