2106 3665
393 379 476 458 '4⁰
1134 414 1205 441 =

479 487 532 545 E
582 487 1001 550 characteribus
1034 492 1313 574 genericis
1353 508 1506 574 patet
1554 491 1782 553 differre
1823 495 1946 554 Go-

393 574 652 632 niatiten
702 598 734 634 a
791 577 1048 635 Ceratite
1108 579 1190 637 uti
1233 624 1249 652 ,
1296 579 1438 638 inter
1497 583 1900 639 Ammonitea
1922 625 1948 653 ,

401 658 675 719 Globites
719 664 790 720 ab
836 666 1623 726 Ammonite.LAMARCK1us
1666 665 1808 725 illud
1850 666 1948 725 in—

396 742 609 804 dicavit
664 770 869 831 genere
922 751 1262 810 .Naatilites
1290 797 1310 822 ,
1369 753 1524 834 quod
1572 769 1763 833 postea
1817 773 1953 812 vero

395 831 605 912 rejecit.
644 833 1058 895 MoNTmRTms
1106 837 1248 897 illud
1295 837 1500 898 dividit
1540 840 1598 897 in
1654 839 1952 919 Pelagam

396 931 454 974 et
480 921 844 999 Aganidem
863 966 886 993 ,
927 922 1004 979 illi
1047 938 1209 982 testas
1247 925 1633 998 umbilicatas,
1667 924 1802 983 huic
1841 941 1955 983 tes-

396 1017 482 1060 tas
523 1025 636 1062 non
676 1008 1026 1065 umbilicatas
1066 1009 1349 1070 referens:
1394 1011 1618 1069 minoris
1667 1031 1796 1069 vero
1828 1031 1957 1068 mo-

397 1089 570 1147 menti
612 1108 741 1150 sunt
787 1094 865 1150 illi
917 1094 1307 1169 characteres,
1351 1118 1525 1176 quum
1575 1097 1739 1154 valde
1779 1096 1957 1154 variet

399 1173 496 1232 illa
542 1177 795 1237 umbilici
851 1179 1090 1239 latitudo
1141 1202 1246 1261 pro
1292 1181 1510 1241 diversa
1564 1197 1741 1240 aetate
1787 1196 1958 1239 testae

398 1259 513 1334 uti,
555 1282 612 1320 v.
670 1284 722 1322 c.
757 1311 773 1341 ,
826 1281 980 1346 patet
1030 1266 1087 1324 in
1134 1267 1373 1325 Globite
1413 1268 1658 1325 tumido.
1703 1267 1960 1324 Verbum

398 1345 735 1406 Nautilites
788 1352 1084 1430 rejecimus
1126 1354 1259 1434 quia
1299 1352 1372 1410 ad
1412 1355 1701 1411 Nautilos
1744 1351 1961 1411 fossiles

400 1431 645 1510 pertinet
672 1456 682 1490 :
729 1436 937 1513 pariter
973 1437 1195 1495 nomina
1219 1441 1555 1520 Aganides
1575 1485 1599 1512 ,
1634 1439 1911 1519 Pelagus
1932 1481 1955 1507 ,

402 1515 537 1597 quia
575 1518 765 1576 nullus
809 1540 1001 1579 sensus
1043 1521 1199 1581 inest.

490 1639 829 1700 Goniatites
872 1664 938 1700 ex
979 1642 1137 1716 γάιαι
1180 1647 1444 1724 angulas
1463 1691 1487 1718 ,
1527 1662 1758 1728 propter
1802 1662 1960 1728 septa

400 1726 672 1806 angulata
697 1769 714 1801 ,
755 1742 808 1785 et
851 1729 1237 1786 terminatione
1276 1733 1394 1793 1759.

863 1871 971 1929 IX.
1017 1872 1373 1931 Rhabdites.
1419 1872 1494 1931 N.

473 1950 619 2004 Testa
646 1966 862 2025 septam,
906 1957 1059 2026 septis
1098 1954 1348 2025 angulatis
1367 1996 1384 2026 ,
1412 1955 1635 2026 ligulatis
1667 1954 1746 2010 vel
1777 1957 1966 2011 undu-

401 2023 516 2077 latis
536 2066 552 2096 ‚
580 2041 716 2079 recta
734 2067 750 2097 5
795 2030 992 2082 conica.

463 2140 736 2194 Tiranites
750 2142 873 2196 Mon
880 2142 925 2195 tf
927 2187 935 2195 .
943 2144 1020 2197 -J
1020 2145 1487 2218 clztlzyosctrcolites
1504 2146 1853 2219 Desmarestii(
1859 2164 1885 2198 2
1893 2146 1967 2218 9).

487 2255 574 2314 Ut
627 2258 867 2339 analoga
933 2259 1159 2318 ratione'
1210 2281 1445 2342 agamus
1499 2259 1558 2318 in
1619 2260 1967 2341 accipiendis

404 2339 498 2399 vel
551 2343 871 2423 rejiciendis
921 2346 1223 2428 generibus
1255 2392 1269 2418 ,
1330 2369 1362 2404 a
1425 2345 1660 2405 diversis
1712 2348 1968 2404 auctori-

403 2425 514 2484 bus
554 2430 854 2508 propositis
878 2475 893 2504 ‚
940 2452 1121 2512 genus
1166 2431 1502 2490 Rhabdites
1544 2451 1699 2489 nunc
1740 2431 1970 2511 quidem

407 2511 760 2571 retinendum
820 2531 937 2591 est,
1001 2532 1197 2596 utpote
1260 2515 1493 2574 eandem
1570 2516 1805 2575 formam
1870 2539 1970 2576 os-

408 2594 643 2655 tendens
673 2599 815 2658 inter
863 2601 1253 2671 Goniatz'tea,
1279 2623 1447 2681 quam
1491 2602 1970 2660 Baculz’tesinter
2047 2601 2051 2604 ’

407 2684 816 2743 Ammonitea
853 2701 904 2744 et
954 2687 1421 2745 Orthoeeratites
1457 2687 1602 2745 inter
1651 2688 1967 2744 Nautilea.

411 2764 543 2823 Non
584 2767 829 2829 vidimus
876 2787 1104 2846 testam,
1145 2794 1291 2854 quae
1341 2774 1449 2831 hoc
1492 2791 1674 2855 genus*
1726 2768 1970 2846 format,

412 2852 741 2913 auctoritate
781 2877 919 2916 vero
964 2858 1185 2940 figurae
1228 2859 1597 2917 Monrronrn
1656 2870 1710 2914 et
1762 2856 1971 2915 Knon-

491 3006 607 3082 (29)
635 3009 760 3065 Vid.
797 3011 1012 3065 Journal
1036 3012 1097 3064 de
1117 3013 1394 3086 Physique,
1422 3013 1484 3066 de
1511 3012 1714 3066 Chimie
1740 3027 1787 3067 et
1807 3013 1971 3069 d'His-

418 3083 546 3141 toire
574 3082 681 3138 Nat.
716 3084 864 3140 Tom.
902 3085 969 3138 85
1000 3105 1117 3157 pag.
1153 3088 1330 3148 50,Pl.
1358 3089 1419 3139 ΙΙ.
1454 3087 1541 3157 fig.
1574 3108 1638 3159 9,
1673 3107 1754 3142 10.
