2106 3665
955 381 1025 407 Ξ
1700 357 1785 436 ΟΞ)

300 464 491 521 Ham.
535 461 897 520 canteriatas
919 456 1186 516 BRONGN.

308 549 479 607 Tarr.
510 548 772 628 Bergeri
798 545 1071 603 BRoNGN.

280 705 369 754 DE
402 704 744 757 SPECIEBUS
787 701 1013 752 STRATI
1049 697 1425 753 SUPERIORIS
1465 700 1781 751 'MONTIUM

710 787 1279 840 SECUNDARIORUM.

294 880 603 965 Sequentia
643 902 677 939 a
707 879 966 939 FAREYO.

275 1030 302 1080 Ι
313 1069 324 1079 .
363 1032 594 1081 MARGA
632 1029 1096 1081 FAHLUNENSIS.

296 1126 399 1182 A.
435 1123 612 1182 binas
657 1123 808 1183 SOW.

295 1212 395 1268 A.
423 1219 685 1267 serratas
736 1209 886 1268 Sow.

276 1333 340 1381 II.
377 1334 655 1383 ARGILLA
691 1330 1115 1382 LONDINENSIS
1134 1368 1149 1393 ,
1186 1330 1238 1378 in
1263 1329 1354 1395 qua
1379 1332 1604 1381 Murices
1620 1370 1632 1393 ‚
1660 1335 1779 1380 Afa-

376 1404 489 1451 tieoe
506 1439 524 1460 ,
566 1404 812 1451 Dentalia
831 1438 844 1462 ‚
868 1400 1081 1450 Ναιιιίἰί
1098 1437 1111 1461 ,
1165 1400 1479 1449 Turritelloe.

294 1495 399 1548 A.
431 1502 637 1548 (zozime
674 1492 824 1551 SOW.

293 1580 398 1634 A.
430 1577 740 1652 decipiens
783 1577 934 1636 SOW.

273 1698 361 1744 ΙΙΙ.
401 1697 680 1745 ARGILLA
720 1692 1125 1747 ALLUVIONIS.

295 1789 395 1845 A.
430 1786 757 1864 quadratas
798 1785 951 1846 SOW.

293 1873 483 1931 Plan.
515 1871 721 1947 biplex
760 1871 912 1931 SOW.

296 1961 400 2016 A.
433 1958 739 2035 decipiens
776 1957 929 2018 SOW.

293 2236 387 2293 ,EX
430 2233 588 2295 hisce
626 2256 781 2296 nunc
820 2250 1009 2317 patet,
1054 2238 1458 2297 Ammo-nitas
1490 2235 1551 2296 in
1598 2236 1780 2297 stratis

218 2320 579 2380 inferioribus
635 2322 916 2381 Montium
965 2322 1429 2382 secundariorum
1475 2322 1534 2382 in
1585 2322 1782 2404 primis

217 2406 486 2466 inveniri:
507 2429 569 2467 su
580 2430 680 2489 pra
699 2408 794 2467 illa
812 2407 871 2467 in
892 2408 1074 2468 stratis
1096 2406 1367 2469 medianis
1381 2408 1564 2469 rarius
1584 2407 1782 2468 adesse

219 2507 273 2549 et
317 2491 538 2552 tandem
581 2494 637 2552 in
678 2494 1067 2576 superioribus
1110 2515 1221 2554 non
1260 2494 1367 2554 nisi
1404 2495 1639 2555 fortuito
1671 2494 1779 2553 ob-

219 2577 447 2636 servari.
490 2579 556 2636 In
585 2579 693 2640 illis
713 2580 1042 2662 regionibus
1073 2601 1239 2661 ergo,
1274 2581 1376 2639 ubi
1412 2596 1585 2641 strata
1620 2580 1782 2641 infe-

220 2661 366 2720 riora
389 2663 711 2740 abundant,
740 2668 931 2745 plures
952 2666 1319 2725 inveniuntur
1338 2669 1772 2727 Ammonitae:

219 2750 277 2806 in
293 2748 400 2808 illis
420 2771 570 2826 vero,
593 2749 691 2809 ubi
711 2750 933 2827 desunt,
949 2751 1113 2810 etiam
1127 2755 1211 2809 A
1214 2754 1531 2812 mmom‘tcoe
1545 2752 1770 2814 desunt.

217 2834 506 2899 Dicuntur
543 2836 802 2923 singulae
842 2837 1058 2922 species
1097 2838 1378 2922 gregatim
1411 2838 1771 2905 distributae.
