2106 3665
421 497 609 581 gimus
671 499 1001 564 diametrum
1064 505 1365 567 maximum
1431 511 1468 568 i.
1512 530 1564 567 e.
1626 531 1660 569 a
1727 512 1981 597 margine

420 601 716 666 aperturae
772 604 1000 649 externo
1049 612 1232 672 usque
1285 592 1358 651 ad
1404 611 1615 675 partem
1659 612 1827 656 testae
1871 619 1980 678 op-

416 669 679 751 positam„
718 672 835 733 Sub
876 677 1226 737 Latitudine
1264 678 1578 761 anfractus
1601 685 1890 760 postremi
1925 700 1981 743 et

405 758 732 833 penultimi
746 759 1111 845 intelligimus
1128 764 1277 823 illam
1297 782 1513 846 partem
1533 766 1787 828 diametri
1811 785 1979 831 trans-

417 842 592 917 versi,
617 866 764 924 quae
797 849 982 930 vergit
1005 871 1037 906 a
1062 848 1233 909 dorso
1258 851 1330 909 ad
1355 853 1661 936 marginem
1697 853 1978 913 internum

415 928 718 989 anfractusss
772 932 892 990 Sub
940 934 1290 994 Latitudine
1341 941 1700 1016 Apertm·ae
1744 961 1978 999 mensu-

411 1035 531 1072 ram
569 1036 601 1073 a
637 1016 821 1077 medio
863 1017 1030 1080 dorso
1066 1023 1353 1082 anfractus
1396 1025 1578 1083 ultimi
1617 1025 1690 1083 ad
1732 1024 1977 1083 medium

412 1097 640 1160 dorsum
674 1103 962 1165 anfractus
995 1108 1291 1187 penultimi
1324 1126 1660 1193 vergentem.
1707 1111 1827 1169 Sub
1850 1111 1976 1168 La-

410 1186 663 1246 titudine
727 1194 1086 1269 Apertam-ae
1157 1196 1402 1275 priorem
1462 1193 1646 1255 medio
1708 1196 1766 1280 in
1826 1195 1975 1255 linea

406 1271 868 1352 perpendiculari
913 1295 1207 1339 secantem.

491 1376 797 1439 Anfractus
844 1382 1079 1444 involuti
1107 1431 1122 1458 ‚
1171 1386 1588 1447 semi-involuti
1629 1402 1683 1446 et
1736 1385 1972 1468 expositi

407 1458 480 1518 ita
504 1460 646 1521 inter
670 1486 726 1523 se
743 1464 1040 1543 differunt,
1067 1488 1131 1529 ut
1154 1472 1437 1551 prioribus
1457 1472 1845 1555 intelligantur
1859 1494 1970 1529 an-

403 1545 618 1607 fractus
638 1595 653 1625 ‚
697 1551 796 1631 qui
826 1573 882 1611 se
911 1553 1152 1614 invicem
1180 1557 1345 1635 plane
1374 1558 1651 1640 obtegunt
1675 1565 1969 1638 :sequen—

404 1631 577 1708 tibus,
630 1635 795 1712 tales,
844 1639 944 1724 qui
974 1661 1078 1720 pro
1109 1639 1339 1701 dimidia
1368 1659 1526 1723 parte
1556 1665 1612 1702 se
1640 1643 1965 1702 occultant:

400 1720 833 1798 posterioribus,
882 1726 1043 1802 tales,
1090 1726 1193 1808 qui
1237 1729 1393 1787 nulla
1431 1745 1589 1808 parte
1630 1750 1686 1790 se
1726 1727 1968 1788 invicem

401 1803 744 1864 recondunt.

486 1910 754 1971 Mensura
777 1915 1001 1974 metrica
1024 1917 1251 1997 quidem
1276 1917 1363 1976 usi
1388 1939 1600 1993 sumUS,
1627 1940 1804 1999 quum
1825 1918 1966 1978 haec

400 1994 500 2052 toti
529 1996 651 2054 orbi
682 1999 893 2058 telluris
921 2003 1247 2078 communis,
1277 2004 1511 2063 multum
1537 2004 1847 2084 praevalere
1870 2024 1964 2062 no-

397 2079 483 2138 bis
513 2081 770 2143 videatur
797 2087 946 2145 omni
983 2088 1107 2147 aliae
1128 2134 1143 2164 ‚
1184 2089 1461 2170 peculiari
1489 2089 1718 2150 cuidam
1744 2087 1965 2172 regioni

398 2182 711 2245 pertinenti.

479 2291 651 2364 Quod
675 2294 870 2354 attinet
897 2295 971 2355 ad
994 2297 1211 2356 tabulas
1244 2297 1554 2380 analyticas
1590 2298 1917 2379 Specierum
1941 2346 1956 2374 ,

393 2377 602 2454 quibus
624 2379 895 2461 quodque
919 2404 1101 2466 genus
1125 2383 1454 2464 incipimus,
1480 2385 1768 2465 sequimur
1792 2386 1849 2443 in
1878 2385 1964 2445 his

392 2460 706 2523 GAUDINUM
721 2466 867 2546 (69).
896 2470 1086 2527 Primo
1109 2468 1316 2527 intuitu
1341 2469 1566 2529 cuidam
1590 2470 1823 2551 quidem
1849 2470 1962 2529 mi-

386 2568 496 2606 nus
543 2549 899 2613 indistinctae
944 2553 1129 2614 videri
1171 2554 1480 2634 potuissent
1507 2579 1522 2615 2
1544 2577 1729 2637 pauca
1781 2556 1960 2639 igitur

386 2632 579 2694 adhuc
608 2637 680 2695 de
723 2638 809 2699 his
847 2639 1199 2721 adjiciamus,
1239 2641 1521 2700 Ponamus
1549 2645 1958 2700 Ammoniten,

388 2718 593 2778 binum
621 2721 976 2786 determinari
1003 2725 1240 2803 debere,
1267 2741 1405 2786 tunc
1428 2726 1672 2808 primum
1699 2727 1752 2787 in
1783 2727 1953 2788 tabu—

389 2802 444 2861 la
473 2805 715 2868 vidimus
742 2833 754 2868 ε

606 2894 772 2946 Dorso
800 2895 1062 2949 crenulato
1089 2894 1169 2949 vel
1195 2895 1505 2949 denticulato
1535 2915 1656 2947 —1.

604 2966 769 3020 Dorso
797 2989 906 3022 non
934 2968 1197 3031 crenulato
1223 2970 1304 3024 vel
1331 2966 1641 3023 denticulato
1672 2985 1830 3023 —220

455 3095 584 3170 (69)
619 3097 973 3171 Agrostologia
996 3102 1269 3160 Helvetica.
1302 3102 1536 3158 Geuevae
1567 3099 1731 3172 13112,
