2106 3665
364 398 405 459 6
1114 418 1186 446 :2

367 504 500 561 bere
532 522 563 559 a
585 501 782 579 Sepiis
816 497 889 559 ad
915 498 1149 557 Pisces,
1183 500 1341 573 Quae
1378 516 1509 558 vero
1538 516 1668 557 vera
1694 496 1919 557 illorum

367 588 510 647 ratio
561 587 666 663 sit,
716 586 810 648 vix
857 585 1095 667 intelligi
1142 602 1351 668 potest,
1401 583 1580 642 donec
1622 583 1917 644 Anatomia

369 672 628 733 docuerit
681 669 966 753 quomodo
1006 692 1199 731 eorum
1234 669 1527 730 circulatio
1567 691 1623 728 se
1661 669 1862 728 habeat
1905 691 1918 727 :

367 781 498 819 nam
558 758 904 834 CUVIERIUS‚
940 756 1040 838 qui
1096 759 1246 818 solus
1287 759 1584 837 hucusque
1623 757 1924 813 Pterolra-

369 848 551 903 cheae
605 843 934 902 anatomiam
984 864 1052 902 ex
1107 843 1278 903 unico
1324 843 1576 903 mutilato
1621 841 1924 923 specimine

368 929 714 1003 elaboravit,
769 928 839 987 de
891 928 1256 989 circulatione
1313 930 1589 988 silentium
1644 926 1925 997 servavit,

369 1008 833 1097 quandoquidem
861 1030 998 1075 testa
1023 1036 1120 1074 cor
1148 1030 1201 1073 et
1232 1016 1528 1097 pulmones
1559 1014 1847 1073 continens
1871 1025 1928 1069 et

370 1102 477 1161 sub
507 1122 742 1182 corpore
771 1100 1127 1183 propendens
1161 1101 1473 1182 deperdita
1497 1100 1624 1159 fuit.
1654 1136 1726 1144 —
1754 1096 1928 1171 Quod

369 1187 594 1247 tandem
636 1189 710 1246 ad
746 1187 999 1247 ordinem
1028 1189 1232 1250 ,attinet
1269 1208 1383 1268 quo
1418 1188 1617 1246 classes
1655 1186 1927 1245 Mollas-

371 1295 572 1331 coram
624 1273 925 1355 dispositae
984 1291 1155 1349 sunt,
1196 1273 1541 1355 Pteropoda
1594 1271 1755 1330 nobis
1814 1291 1929 1328 non

370 1359 517 1440 juste
549 1360 737 1438 locata
762 1360 1024 1421 videntur
1053 1360 1195 1419 inter
1236 1359 1654 1437 Cephalopoda
1693 1373 1747 1414 et
1785 1356 1931 1414 Gas-

371 1447 656 1521 teropocla
678 1474 704 1519 ,-
763 1445 952 1527 potius
1010 1445 1156 1504 infra
1216 1444 1354 1503 haec
1416 1444 1657 1503 locanda
1714 1456 1933 1516 essent,

374 1550 553 1608 quum
595 1551 691 1588 cor
740 1554 803 1589 ex
844 1554 964 1590 uno
1006 1547 1220 1590 tantum
1263 1530 1579 1588 ventriculo
1618 1542 1832 1588 constet
1872 1526 1931 1583 in

374 1613 605 1671 modum
651 1615 1177 1695 Conclzz'ferorum7
1220 1615 1357 1674 dum
1402 1613 1812 1691 Gasteropoda
1840 1631 1936 1669 au·

374 1698 558 1758 riculo
598 1698 812 1758 aortico
850 1698 1081 1778 insuper
1121 1699 1377 1779 praedita
1414 1699 1542 1756 sint.

942 1880 1206 1939 CAPUT
1287 1882 1365 1937 ΙΙ.

549 2039 640 2096 DE
688 2033 1197 2096 CEPHALOPODIS
1241 2040 1309 2093 IN
1352 2038 1768 2096 UNIVERSUM.

463 2213 892 2295 'Ceplzalopodcz
927 2216 1119 2297 plures
1144 2214 1219 2275 ob
1245 2213 1484 2275 rationes
1521 2214 1726 2296 primas
1753 2231 1938 2296 partes

383 2317 574 2361 tenent
594 2302 651 2360 in
671 2303 1020 2360 fflollaseis.
1044 2301 1490 2384 Distinguuntur
1524 2300 1749 2382 quidem
1767 2323 1937 2382 prae-

386 2387 573 2447 sertim
617 2388 935 2448 ventriculo
983 2387 1301 2469 pulmonari
1355 2387 1573 2462 bifido,
1621 2386 1938 2446 rudimento

387 2472 539 2531 auris
580 2473 615 2530 i.
663 2495 711 2529 e.
761 2495 935 2553 parva
973 2474 1240 2547 cavitate,
1280 2473 1353 2532 ad
1401 2494 1682 2553 quamque
1723 2472 1940 2531 cerebri

387 2573 637 2639 partem,
678 2559 735 2615 in
779 2560 894 2639 qua
934 2559 1249 2617 membrana
1290 2558 1631 2617 sacciformis
1686 2558 1939 2639 lapillum

393 2644 688 2701 continens
739 2664 1005 2724 suspensa
1056 2659 1162 2721 est,
1211 2644 1508 2702 deficiente
1543 2644 1723 2702 canali
1765 2643 1938 2701 semi-

392 2729 655 2786 circulari
680 2743 745 2786 ,εἴ
777 2729 958 2787 ductu
1006 2746 1256 2789 externo:
1313 2729 1441 2786 dein
1491 2730 1697 2786 annulo
1733 2747 1940 2787 corneo

394 2813 712 2871 rudimento
755 2815 1068 2894 systematis
1107 2815 1277 2888 ossei,
1319 2812 1600 2872 branchiis
1638 2813 1938 2895 oppositiS,

396 2898 577 2957 oculis
601 2898 832 2974 validis,
869 2899 1105 2959 maxillis
1143 2898 1552 2960 robustissimis.

481 3002 728 3074 Quando
774 3004 997 3063 illorum
1057 3004 1462 3083 systematicam
1526 3001 1943 3083 dispositionem

402 3104 753 3170 spectamuS,
802 3089 1248 3166 consideranteS,
1302 3103 1441 3171 quot
1500 3088 1672 3149 fossili
1728 3103 1942 3149 tantum
