2106 3665
363 533 365 535 Ι
404 460 502 532 Α16
1174 483 1245 512 =

414 565 578 624 etiam
619 561 944 647 trigonum,
971 562 1189 624 inferne
1220 563 1420 623 obtuse
1447 561 1686 639 desinit,
1705 564 1843 626 dum
1867 585 1968 625 ex-

413 666 586 710 trema
608 650 758 731 spira
779 649 940 709 etiam
962 649 1161 709 obtusa
1181 651 1269 709 sit.
1292 650 1589 710 Praeterea
1610 648 1752 710 dicit
1771 668 1969 712 auctor

414 752 608 796 testam
631 757 847 816 semper
881 750 1185 795 emortuam
1211 736 1486 797 invenisse
1513 736 1604 798 vel
1632 736 1707 796 ad
1745 737 1967 821 margi·-

412 844 540 881 nem
562 815 926 903 cartilagineo
948 820 1122 882 limbo
1143 822 1423 883 orbatam.
1447 821 1813 885 inveniuntur
1831 827 1973 882 Ar·-

413 917 714 989 gonautae
743 906 962 989 saepius
984 907 1243 985 nitentes,
1278 910 1362 968 uti
1385 910 1442 968 in
1464 910 1663 969 Museo
1686 909 1892 969 adsunt
1920 925 1976 968 et

410 995 633 1052 illarum
656 1014 852 1075 margo
881 1015 994 1053 non
1018 994 1417 1076 cartilagineus
1455 1011 1535 1063 est
1552 1041 1567 1070 ,
1593 995 1691 1055 sed
1717 995 1969 1055 concha—

417 1098 557 1138 ceus
582 1078 866 1139 invenitur
892 1080 1057 1138 etiam
1082 1080 1140 1138 in
1156 1082 1433 1139 Nautilis
1456 1081 1708 1162 aliisque.
1734 1082 1975 1161 Insuper

419 1163 687 1224 rationem
720 1163 881 1224 ducit
934 1181 1136 1226 auctor
1189 1188 1253 1224 ex
1297 1166 1483 1224 colore
1530 1167 1782 1248 corporis
1819 1165 1979 1248 quod

417 1250 633 1332 ubique
656 1251 831 1310 fuscis
854 1252 1083 1333 punctis
1100 1250 1429 1357 3ᾶ5ΡοΓ3ιιΛῐη
1444 1250 1695 1313 videtur:
1717 1252 1828 1312 hoc
1848 1251 1982 1312 inde

418 1337 618 1412 oritur,
654 1337 811 1418 quod
833 1353 968 1396 testa
988 1339 1100 1396 lata
1124 1338 1389 1419 apertura
1423 1336 1676 1419 praedita
1699 1339 1769 1398 sit
1792 1353 1845 1397 et
1867 1358 1982 1397 non

420 1438 574 1480 arcte
630 1443 838 1503 corpus
888 1423 1145 1483 includat
1166 1469 1182 1498 ,
1241 1422 1397 1482 unde
1450 1423 1762 1484 necessario
1820 1423 1986 1506 sequi

422 1504 590 1565 debet
614 1509 801 1566 lucem
821 1509 971 1568 omni
999 1526 1156 1590 parte
1179 1509 1289 1568 hoc
1316 1508 1667 1569 circumdare
1694 1526 1748 1569 et
1769 1510 1985 1569 colores

423 1591 532 1673 ipsi
563 1593 854 1672 praebere.
902 1594 1156 1653 Tandem
1190 1595 1355 1675 quod
1387 1596 1590 1654 animal
1609 1616 1642 1654 a
1669 1596 1807 1655 testa
1829 1595 1988 1655 solu-

423 1693 542 1736 tum
571 1699 603 1735 a
638 1679 1027 1746 RAFINESQUIO
1053 1681 1407 1739 observatum
1442 1681 1512 1738 sit
1538 1681 1595 1738 in
1622 1680 1770 1738 Mari
1796 1678 1987 1738 Medi-
2083 1753 2087 1756 x

423 1778 697 1836 terraneo,
739 1762 848 1821 hoc
883 1763 963 1820 nil
982 1764 1222 1843 amplius
1251 1765 1418 1821 nobis
1448 1764 1739 1823 ostendeie
1761 1764 1987 1826 videtur
2075 1803 2079 1806 v

426 1868 596 1930 quam
641 1845 800 1928 quod
839 1840 1220 1929 Argonauta
1250 1848 1410 1907 etiam
1453 1848 1574 1908 sine
1612 1865 1752 1910 testa
1796 1850 1986 1911 vivere

421 1933 636 2015 possit.

511 2018 616 2077 His
659 2018 941 2100 expositiS‚
969 2015 1044 2076 ad
1067 2015 1400 2078 divisionem
1443 2016 1991 2098 Cephalopodorum

426 2106 602 2185 paulo
634 2107 955 2164 accuratius
990 2102 1454 2164 considerandam
1494 2126 1798 2187 pergamus
1817 2153 1831 2164 .
1853 2105 1991 2164 Pri—

429 2191 604 2250 maria
633 2207 815 2249 autem
845 2189 1164 2252 distributio
1205 2212 1239 2250 a
1275 2211 1447 2272 supra
1494 2189 1735 2250 laudatis
1783 2207 1991 2250 aucto-

426 2275 585 2335 ribus
609 2275 830 2336 diversa
851 2277 915 2335 fit
938 2275 1176 2335 ratione.
1200 2276 1528 2336 Secundum
1548 2275 1870 2337 CUVIERIUM
1891 2275 1990 2335 di-

424 2361 700 2422 viduntur
733 2363 1156 2441 Ceplzalopocla
1180 2363 1236 2421 in
1259 2362 1380 2438 illa,
1407 2383 1553 2444 quae
1579 2377 1774 2422 testam
1799 2379 1989 2421 exter-

426 2468 554 2506 nam
578 2449 788 2506 nullam
831 2465 885 2506 et
927 2449 984 2508 in
1008 2449 1101 2507 illa
1125 2493 1141 2524 ,
1164 2470 1310 2530 quae
1334 2463 1527 2508 testam
1554 2464 1832 2508 externam
1883 2446 1996 2506 ha-

430 2532 566 2591 bent
615 2532 986 2593 :secundum
1050 2534 1521 2595 ScflvvfflGGERUM
1569 2533 1626 2591 in
1671 2534 1793 2607 illa,
1847 2556 1993 2614 quae

435 2638 670 2699 corpore
709 2618 865 2677 nudo
906 2635 959 2677 et
1008 2617 1065 2676 in
1105 2618 1217 2694 illa,
1257 2641 1402 2699 quae
1468 2639 1706 2699 corpore
1753 2635 1994 2678 testaceo

433 2703 1084 2763 donantur25ecundum
1124 2704 1514 2764 LAMARCKHJM
1555 2703 1616 2762 in
1651 2704 1800 2762 Non
1842 2705 1993 2760 Tes-

433 2799 607 2847 tacea
644 2808 697 2850 et
745 2791 1032 2848 Testae-ea
1054 2812 1072 2847 .·
1094 2788 1234 2848 haec
1284 2789 1470 2848 omnia
1507 2786 1701 2849 eodem
1733 2785 1991 2846 redeunt.

434 2873 842 2934 FERthsAccms
908 2896 1042 2936 vero
1092 2875 1309 2955 primus
1371 2875 1484 2934 fuit
1514 2917 1530 2948 ,
1596 2871 1699 2953 qui
1753 2872 1827 2930 ab
1887 2873 1995 2932 hac

433 2958 636 3018 usitata
678 2958 954 3019 divisione
1007 2959 1247 3019 discedit
1291 2975 1345 3018 et
1389 2959 1549 3017 aliam
1592 2957 1887 3037 proposuit
1935 2959 1992 3016 in

436 3045 795 3123 Decapodia
836 3062 889 3104 et
958 3046 1292 3121 Octopoclia
1311 3087 1331 3116 ,
1400 3043 1494 3102 tali
1530 3042 1744 3102 ratione
1780 3064 1813 3101 a
1856 3063 1995 3102 cae—-

435 3129 567 3188 teris
610 3130 913 3211 generibus
955 3151 1217 3209 separans
1259 3145 1312 3188 et
1346 3148 1538 3187 secum
1565 3127 1805 3188 invicem
1853 3149 1994 3187 con-

433 3215 677 3297 jungens
712 3216 1074 3294 Octopodem
1107 3229 1162 3274 et
1183 3217 1265 3274 A
1268 3224 1620 3296 rgonaatam
1639 3260 1655 3292 ,
1684 3234 1829 3296 quos
1856 3233 1993 3296 pos..
