2106 3665
927 484 997 513 Ξ·-
1663 484 1728 521 11

177 565 450 626 creditum
488 567 602 625 sit:
642 578 788 622 certe
825 561 882 619 in
919 562 1186 643 operibus
1221 559 1585 658 systeniaticis
1624 587 1736 626 non

180 653 291 711 fuit
319 653 674 747 descriptum
711 651 786 706 Et
815 649 1226 707 MONTFORTIUS
1246 647 1394 730 (7)7
1381 671 1434 705 m
1460 667 1734 728 quantum
1808 680 1811 683 ·

173 738 398 810 scimus,
443 738 654 817 primus
697 735 830 806 fuit,
861 736 959 813 qui
984 734 1161 792 haec
1148 756 1203 790 tn
1238 735 1423 792 lucem
1463 736 1734 813 protulit,

172 822 403 897 scilicet,
431 823 527 902 qui
547 820 764 903 gallicis
787 779 969 881 v⁷erbis
983 819 1238 902 belgica
1225 834 1617 899 interpretatus
1633 838 1730 880 est.

257 928 499 985 Nautili
532 928 830 1005 Pompilii
850 926 1082 1000 animal,
1124 925 1437 984 secundum
1478 923 1735 1007 descrip-

175 1010 379 1071 tionem
429 1013 681 1070 RUMPHH
722 1012 845 1108 (8),
880 1033 940 1071 os
980 1011 1392 1071 circumdatum
1434 1011 1654 1069 habet
1637 1034 1735 1069 111-

167 1097 418 1155 numeris
445 1097 651 1157 tunicis
689 1119 744 1156 se
773 1098 1019 1158 invicem
1044 1097 1467 1180 obtegentibus7
1496 1119 1736 1177 quarum

171 1202 374 1280 margo
405 1183 466 1241 in
502 1184 666 1264 plura
714 1185 1004 1243 tentacula
1058 1184 1353 1244 dividitur:
1398 1181 1636 1241 exterior
1676 1183 1735 1240 in

172 1267 407 1351 viginti7
451 1268 757 1352 penultima
799 1287 852 1328 et
893 1269 1379 1351 antepenultima
1364 1292 1422 1327 ln
1461 1267 1731 1328 sedecim:

167 1352 264 1412 illa
293 1356 574 1414 tentacula
602 1373 731 1415 sunt
751 1356 955 1432 laevia7
984 1357 1099 1415 sine
1131 1354 1437 1415 acetabulis
1456 1401 1470 1430 7
1510 1353 1737 1435 illisque

169 1439 372 1498 animal
402 1462 599 1522 repere
633 1457 684 1500 et
722 1442 986 1523 praedam
1038 1464 1237 1523 capere
1276 1458 1471 1522 potest.
1501 1440 1580 1497 Os
1606 1439 1734 1498 for-

169 1540 378 1585 matum
401 1525 623 1586 duabus
645 1529 912 1604 maxillis,
935 1528 1019 1586 uti
1044 1528 1100 1586 in
1117 1530 1354 1620 Sepiis‘..
1367 1525 1539 1583 Oculi
1566 1523 1734 1583 valde

168 1611 505 1689 prominent.
550 1615 600 1669 A
626 1629 779 1692 parte
803 1612 1103 1693 posteiiore
1134 1610 1384 1689 corporis
1421 1609 1536 1666 abit
1571 1630 1733 1667 mus-

173 1696 339 1753 culus
357 1712 460 1775 per
489 1697 777 1776 siphonem
804 1714 1106 1773 septorum.
1120 1696 1464 1751 ——Dolemus
1483 1694 1688 1752 valde
1673 1717 1732 1752 m

172 1778 453 1837 ditissimis
498 1779 972 1858 expeditionibus,
1023 1800 1168 1859 quae
1203 1778 1403 1836 Museo
1443 1779 1622 1860 Regio
1666 1801 1732 1837 ex

167 1861 332 1921 India
375 1863 649 1921 Orientali
688 1862 1075 1936 advenerunt,
1114 1884 1251 1922 cura
1295 1863 1401 1923 viri
1445 1864 1732 1923 clarissimi

162 1949 557 2009 REINWARDTII
580 1964 633 2007 et
649 1948 829 2029 ipsius
854 1969 1239 2008 successorum
1261 1950 1477 2007 KUI-ILII
1498 1965 1551 2008 et
1574 1949 1731 2009 HAS—

164 2055 338 2092 SELTH
359 2079 375 2109 7
400 2035 474 2092 N
471 2036 645 2092 autili
669 2035 871 2093 animal
892 2057 1006 2094 non
1027 2035 1201 2094 fuisse
1224 2081 1239 2109 7
1265 2051 1326 2093 ut
1351 2035 1569 2116 aliquid
1598 2056 1725 2094 cer-

163 2119 273 2178 tius
297 2119 366 2178 de
394 2120 502 2179 hoc
536 2119 723 2180 dicere
754 2141 1071 2202 possemus:
1096 2122 1250 2180 nulla
1288 2121 1428 2179 ratio
1453 2119 1610 2180 adest
1634 2137 1728 2180 ta·-

162 2225 288 2262 men
310 2227 467 2285 ‚qua
493 2204 562 2263 dc
595 2207 779 2267 Verbis
804 2208 1055 2266 Romanu
1089 2206 1410 2266 dubitemus
1434 2223 1487 2265 et
1510 2205 1728 2265 adden—

164 2289 298 2348 dum
321 2291 750 2351 MONTFORTIUM
788 2293 1069 2353 invenisse
1104 2294 1160 2351 in
1197 2314 1348 2375 pago
1378 2294 1728 2351 Schevelin-

158 2397 282 2454 gen
322 2376 476 2456 apud
504 2378 803 2458 quemdam
850 2396 1215 2438 mercatorem
1258 2379 1459 2438 animal
1500 2378 1558 2436 in
1600 2400 1727 2437 cera

165 2459 428 2536 effictum,
477 2463 633 2544 quod
677 2465 845 2545 plane
887 2486 1018 2524 cum
1051 2464 1431 2547 descriptione
1474 2465 1726 2523 anpnn

172 2547 557 2607 conveniebat.

252 2651 531 2725 Spiralae
559 2653 762 2712 animal
796 2671 990 2713 notum
1029 2671 1109 2713 est
1151 2654 1444 2749 diligentia
1466 2654 1723 2727 PERONH,

172 2732 281 2793 viri
304 2733 376 2792 de
414 2736 684 2817 Zoologia
726 2739 968 2796 maxime
1001 2739 1179 2797 meriti
1203 2786 1217 2814 7
1262 2761 1362 2818 qul
1391 2759 1520 2796 cum
1575 2738 1723 2796 ΒΑΗ-

166 2839 327 2878 mmo
364 2819 760 2916 Australasiam
782 2823 955 2904 petiit.
995 2825 1082 2881 Ex
1116 2824 1327 2904 figura,
1364 2845 1533 2904 quam
1557 2823 1722 2882 nobis

240 2959 315 3033 (7)
345 2959 495 3013 Conf.
519 2961 705 3014 Buffon
726 2962 788 3015 de
811 2962 1059 3017 Sonnini:
1088 2966 1248 3038 partie
1268 2966 1721 3040 conchiologique,

166 3032 267 3086 vol.
295 3035 398 3103 ΙΙΙ,
431 3055 545 3107 pag.
581 3035 648 3089 85
684 3051 731 3089 et
763 3057 906 3110 seqq.

180 3125 332 3274 59(Z)
351 3127 515 3277 Ξὲἓΐ
537 3130 898 3206 Amboynsche
919 3134 1373 3198 Rariteit-kamer,
1402 3134 1540 3209 1704
1556 3173 1573 3205 7
1607 3153 1719 3206 pag.
