2106 3665
350 378 388 418 2
1095 384 1166 412 Ξ

351 482 487 521 vosa
512 505 531 536 ,
596 476 785 536 recta,
849 460 1127 520 nodorum
1176 460 1291 520 sive
1346 458 1704 544 gangliorum
1758 466 1897 525 serie

350 548 702 628 intercepta.
754 546 1005 626 corpoiis
1057 546 1468 643 longitudinem
1525 569 1895 628 percurrens,

349 633 424 692 ad
475 653 756 726 quemque
809 632 1106 690 articulum
1143 654 1322 691 ramos
1364 633 1657 691 emittenS.
1696 635 1854 693 alia
1838 658 1899 695 m

351 718 561 800 quibus
588 718 724 775 lami
764 716 929 797 vagi,
973 738 1002 773 e
1045 717 1277 776 diversis
1305 720 1530 798 punctis
1559 721 1900 780 centralibus

348 804 490 876 orti,
539 822 744 882 corpus
782 817 1069 881 permeant
1107 804 1251 861 vel
1236 826 1293 861 1n
1338 805 1545 884 quibus
1580 806 1744 885 plane
1789 805 1901 865 de—

348 888 683 948 siderentur.
720 887 822 944 Illa
858 890 1249 964 Articulatcz‚
1277 889 1415 949 haec
1447 891 1757 950 fflollusca
1799 891 1903 951 Cu-

346 995 567 1036 vlssmos
611 974 984 1054 nuncupavit.

429 1099 723 1158 Vermium
744 1099 978 1159 formam
1012 1100 1345 1158 aemulantia
1367 1103 1450 1157 A
1453 1103 1720 1175 analata,
1743 1102 1902 1161 bran-

347 1185 488 1245 chiis
515 1184 753 1245 externis
785 1184 989 1245 donata
1016 1186 1359 1257 Crastacea,
1381 1186 1646 1245 mirandis
1668 1187 1774 1246 illis
1797 1209 1903 1246 me-

345 1272 794 1352 tammphosibus
822 1272 1077 1352 subjecta
1102 1272 1363 1345 Insecta,
1391 1273 1676 1331 branchiis
1697 1274 1784 1332 vel
1803 1289 1906 1332 tra-

347 1357 498 1416 cheis
531 1357 786 1437 praedita
821 1358 1266 1415 «ἵναοῆηοὶεῖεα
1286 1359 1520 1438 primam
1555 1359 1905 1418 constituunt

345 1442 548 1501 tribum
577 1443 901 1500 animalium
926 1444 1392 1501 articulatorum:
1428 1465 1670 1524 quolum
1704 1445 1904 1518 forma,

345 1526 720 1584 mediantibus
765 1528 1169 1604 Cirr-hipodz's,
1207 1529 1417 1607 quibus
1459 1549 1667 1609 colpus
1707 1529 1904 1602 molle,

345 1610 630 1669 tentacula
661 1628 795 1666 vero
837 1614 1135 1665 articulata
1197 1629 1364 1684 sunt,
1412 1633 1537 1671 eum
1577 1615 1906 1672 Molluscis

345 1712 401 1755 et
450 1695 790 1771 Zoophytis
837 1691 1226 1774 conjungitur.

432 1822 524 1879 Ab
568 1818 674 1878 alia
714 1839 850 1879 vero
885 1833 1080 1900 parte,
1122 1819 1333 1900 quibus
1373 1820 1618 1879 medulla
1661 1820 1756 1879 illa
1795 1842 1907 1881 no-

346 1907 483 1966 dosa
538 1920 744 1988 negata
801 1921 924 1981 est,
984 1925 1191 1985 corpus
1235 1921 1315 1964 est
1365 1906 1561 1981 molle,
1619 1905 1911 1966 obtectum

349 1992 564 2053 concha
611 1991 886 2050 laminave
932 2006 1030 2048 aut
1075 1991 1232 2049 nullo
1279 2011 1509 2072 prorsus
1549 1990 1763 2050 duriori
1810 1991 1906 2050 in-

345 2092 672 2161 tegumento
707 2075 980 2137 vestitum.
1016 2076 1067 2132 E
1104 2075 1313 2156 quibus
1347 2098 1491 2156 quae
1527 2079 1908 2136 Amic-alatis

346 2163 687 2245 perfectiora
725 2177 884 2238 sunt,
921 2162 1274 2219 Mollasea:
1307 2184 1452 2242 quae
1494 2160 1909 2242 imperfectiora

347 2251 671 2328 Zooplzyla
712 2247 802 2307 vel
845 2247 1181 2304 Animalia
1219 2249 1455 2305 radiata
1482 2247 1762 2307 CUVIERIO
1795 2269 1908 2308 vo·-

349 2350 570 2394 cantur.
622 2334 890 2392 Badiam
920 2377 934 2406 ,
989 2333 1282 2390 Tunicam
1317 2334 1599 2406 SAVIGNY‚
1628 2333 1905 2428 Polypi,

350 2442 496 2500 quae
524 2418 739 2491 omnia,
798 2433 1025 2475 auctore
1059 2417 1373 2493 CUV‚1ER10
1414 2417 1704 2498 posteriori
1748 2418 1909 2476 seriei

350 2503 771 2562 annumeranda
819 2518 988 2574 sunt,
1035 2502 1270 2560 formam
1326 2503 1593 2561 radiatam
1649 2501 1910 2561 distincte

350 2588 653 2648 ostendunt
687 2586 831 2649 vel
815 2610 871 2644 m
908 2602 1022 2646 tota
1070 2587 1322 2684 corporis
1353 2589 1530 2648 forma
1562 2589 1653 2647 vel
1681 2587 1735 2644 in
1781 2603 1907 2644 ten-

351 2675 667 2732 taculorum
688 2672 1051 2754 dispositione
1079 2674 1221 2733 vel
1207 2697 1263 2732 m
1304 2675 1686 2732 musculorum
1728 2669 1906 2729 diver·

353 2760 563 2840 gentia.
608 2759 771 2831 Quae
818 2779 951 2815 velo
991 2774 1272 2817 caeterum
1314 2759 1475 2815 etiam
1538 2756 1611 2813 ab
1654 2755 1751 2814 illo
1790 2755 1908 2815 huc

351 2844 673 2903 referuntur
717 2844 804 2901 V
797 2864 983 2899 ermes
1026 2858 1084 2899 et
1114 2842 1453 2924 Infasoria,
1492 2839 1715 2898 minime
1755 2840 1907 2900 illam

353 2950 455 2987 1101
462 2950 598 2985 mam
620 2945 951 3008 sequuntur,
968 2948 1145 3008 quum
1164 2928 1317 2986 nulla
1337 2947 1547 3007 organa
1565 2946 1667 2984 nec
1684 2941 1907 2987 externa

299 3082 302 3083 ⁷
355 3035 459 3075 nec
482 3015 716 3089 interna,
738 3012 823 3072 uti
843 3013 900 3072 in
923 3012 1312 3089 anterioribus,
1332 3011 1597 3072 radiatam
1624 3011 1905 3093 expansio·
