2106 3665
847 528 919 555 Ξ
1635 524 1716 587 37,

146 610 339 671 teriori
406 608 668 672 divisioni
706 602 1121 669 adnumeravit.
1175 604 1455 678 Quamvis
1498 650 1514 680 ,
1578 627 1712 669 cum

148 697 258 757 hoc
305 697 484 793 magis
536 696 773 756 facimus
810 712 981 773 quam
1042 710 1171 748 cum
1220 689 1360 764 illis,
1418 689 1578 772 quod
1634 694 1711 754 ad

145 783 434 865 propriam
470 781 681 842 ordinis
721 777 1053 839 divisionem
1076 775 1295 851 attinet,
1335 777 1492 835 nullo
1532 792 1717 838 tamen

145 868 424 928 adsentire
465 886 761 948 possumus
796 910 811 939 ,
871 862 1030 946 quod
1069 860 1144 921 ad
1211 862 1564 922 characteres
1625 865 1717 924 vel

144 952 369 1013 nomina
396 953 592 1011 harum
625 950 986 1011 divisionum,
1018 949 1210 1009 Primo
1239 948 1548 1010 CUVIERIUS
1577 948 1719 1009 dicit

144 1037 330 1098 omnia
365 1039 841 1118 Pogytlzalamia.
882 1037 1035 1095 ΒΑΜ.
1062 1051 1257 1096 testam
1303 1051 1583 1095 externam
1611 1035 1719 1094 ha·-

143 1125 280 1183 bere
313 1170 328 1200 ,
370 1125 538 1205 cujus
593 1123 933 1183 contrarium
979 1123 1223 1200 Spirula
1269 1121 1484 1182 indicat
1519 1167 1535 1196 ,
1579 1121 1719 1181 dum

143 1225 316 1269 testae
340 1210 823 1268 Belemnitarum
844 1253 867 1280 ,
905 1209 1483 1267 Orthoeeratitaram
1509 1223 1564 1266 et
1590 1229 1721 1267 om—

143 1296 302 1355 nium
359 1296 936 1375 Microscopicorum
973 1295 1137 1354 etiam
1181 1293 1415 1376 quidem
1469 1295 1723 1354 internae

143 1381 341 1441 haberi
381 1383 607 1459 debent,
636 1405 814 1464 quum
851 1381 1149 1444 cavitatem
1183 1381 1460 1441 internam
1502 1381 1719 1440 nullam

143 1468 466 1542 ostendant,
518 1491 632 1550 qua
679 1469 884 1528 animal
939 1466 1175 1528 recondi
1239 1468 1445 1548 potuit.
1497 1465 1722 1523 Deinde

145 1554 548 1616 Scuwfflccssm
580 1555 932 1614 characteres
959 1554 1126 1612 etiam
1155 1553 1340 1611 minus
1366 1568 1519 1610 recte
1559 1550 1724 1609 nobis

145 1637 340 1698 dilecti
368 1640 633 1705 videntur
651 1638 1164 1736 ,quandoquidem
1201 1638 1309 1695 sub
1339 1636 1542 1710 verbis,
1564 1635 1722 1694 Cor-

134 1745 260 1803 pus
297 1736 651 1798 testaceum,
694 1746 879 1804 aequo
916 1726 1040 1800 jure
1068 1722 1480 1801 intelligeretur
1510 1740 1721 1802 corpus

147 1810 286 1869 testa
336 1769 670 1867 cohaerente
712 1829 882 1888 quam
929 1806 1126 1863 libera
1150 1805 1331 1863 Porro
1392 1806 1724 1865 LAMARCKII

148 1895 319 1955 verba
395 1893 684 1951 Testae-ea
730 1908 786 1950 et
848 1891 1297 1949 NonTestacea
1337 1889 1502 1948 etiam
1537 1891 1725 1950 minus

147 1994 301 2040 recte
368 1978 623 2037 desumta
694 1974 965 2036 videntur
1010 2022 1026 2050 ,
1104 1998 1285 2058 quum
1355 1977 1538 2054 Sepia
1610 1998 1727 2035 non

147 2065 335 2125 minus
394 2086 565 2144 quam
642 2065 1052 2122 Nammalites
1115 2064 1256 2121 testa
1332 2060 1541 2121 donata
1608 2061 1727 2122 dici

149 2150 339 2234 possit.
404 2150 658 2209 Tandem
721 2149 880 2231 quod
926 2148 1001 2207 ad
1043 2148 1409 2208 FERUssAccn
1463 2148 1727 2208 denomi-

149 2238 428 2297 nationem
489 2236 574 2296 his
622 2235 997 2296 divisionibus
1060 2236 1389 2317 adjunctam
1431 2279 1447 2309 ,
1505 2235 1727 2293 Deca-

143 2324 335 2402 podia
354 2368 369 2398 ,
404 2344 624 2404 nempe,
654 2338 707 2380 et
738 2321 1072 2400 Octopodia
1086 2365 1109 2392 ,
1141 2337 1319 2380 certat
1353 2320 1494 2379 haec
1533 2320 1726 2379 notio-

152 2409 340 2484 nibus,
364 2430 505 2489 quas
526 2409 596 2469 de
621 2408 846 2468 animali
866 2410 941 2467 N
935 2409 1114 2466 autili
1130 2430 1301 2489 supra
1326 2408 1726 2488 exposuimus;

154 2515 220 2554 ex
288 2495 498 2575 quibus
569 2494 815 2555 vidimus
882 2493 1027 2553 illud
1081 2514 1193 2553 non
1264 2493 1473 2552 habere
1528 2492 1728 2550 decem

154 2580 387 2639 brachia
448 2580 547 2640 sed
605 2582 798 2662 plures
861 2581 1094 2640 laminas
1156 2579 1262 2638 sihi
1335 2577 1725 2638 incumbentes

157 2664 424 2746 digitatas
449 2710 466 2740 ,
513 2688 655 2747 quas
719 2668 1018 2725 Rumpnms
1059 2681 1172 2724 tam
1213 2664 1459 2746 diligens
1523 2662 1733 2720 obser-

166 2766 328 2809 vator
351 2794 367 2823 ,
394 2772 564 2830 quam
593 2768 745 2810 certe
772 2773 884 2810 non
913 2751 1092 2809 finxit.
1116 2749 1258 2808 Inde
1288 2748 1544 2828 sequitur
1584 2768 1726 2830 ergo

160 2834 536 2893 immutandos
581 2857 693 2895 esse
719 2836 1068 2893 characteres
1091 2850 1144 2891 et
1171 2834 1280 2890 alia
1305 2832 1467 2891 etiam
1501 2834 1728 2893 nomina

73 2976 77 2979 ,
144 2919 540 2982 ,divisionibus
584 2921 692 2980 illis
747 2919 1023 3002 primariis
1073 2917 1412 3000 imponenda
1465 2939 1612 2989 esse,
1661 2935 1726 2978 ut

163 3006 443 3088 quadrent
464 3027 594 3066 cum
630 3006 960 3065 animalibus
982 3051 998 3080 ,
1027 3027 1171 3086 quae
1193 3005 1266 3064 ad
1301 3004 1424 3064 illas
1457 3005 1725 3064 referun-

164 3107 273 3152 tur.
305 3093 534 3155 Servata
579 3094 757 3177 igitur
796 3092 1044 3177 generali
1089 3091 1516 3168 distributione,
1551 3111 1723 3173 quant

1347 3218 1382 3276 3
