2106 3665
926 412 998 438 =
1655 387 1736 464 45

181 515 324 553 mam
371 493 623 577 redegit,
667 514 834 574 quam
873 508 1100 551 secutus
1147 506 1229 549 est
1288 492 1732 552 PARmsomvs.

180 580 371 640 Minus
405 597 555 640 recte
611 595 794 638 tamen
846 578 1036 637 nuclei
1099 576 1387 673 siphonem
1436 580 1737 638 centralem

180 665 354 735 dixit,
400 688 577 747 quum
607 666 765 724 etiam
789 664 980 746 plures
1010 664 1265 744 specieS‚
1294 663 1377 721 uti
1409 663 1741 722 Callirrhoe·

178 752 411 810 MONTE.
442 797 457 826 ,
487 751 721 833 siphone
763 749 977 810 laterali
1019 751 1111 810 vel
1138 748 1459 808 excentrico
1499 748 1735 808 donatae

176 852 555 898 mvenlantur.

256 943 677 1001 MONTFORTIUS
738 958 926 1001 autem
980 962 1163 1019 nune,
1236 940 1587 1000 characteres
1645 962 1737 1000 se-

173 1048 353 1108 quens
389 1031 845 1088 LAMARCKIANOS
880 1028 1115 1109 priores,
1184 1049 1297 1087 non
1346 1043 1561 1087 tantum
1606 1047 1737 1087 om-

170 1135 268 1172 nes
310 1129 509 1188 testem,
551 1136 693 1195 quas
735 1116 968 1174 nucleos
1023 1113 1374 1174 solummodo
1421 1114 1739 1172 Belemni-

171 1209 362 1258 tarum
404 1201 740 1260 constituere
770 1201 1186 1261 observationes
1233 1200 1589 1273 docuerunt,
1638 1198 1737 1257 sed

169 1285 335 1344 etiam
421 1307 612 1346 omnes
686 1288 924 1371 vaginas
966 1333 981 1362 ‚
1064 1288 1245 1347 canali
1328 1283 1735 1369 longitudinali

169 1369 492 1446 destitutas,
540 1395 572 1431 a
621 1373 987 1432 Belemnitis
1025 1373 1325 1452 sepatavit.
1378 1372 1520 1429 Inde
1555 1394 1583 1428 e
1622 1392 1734 1428 nu·-

169 1456 303 1515 cleis
347 1453 506 1516 enata
543 1474 674 1517 sunt
721 1481 930 1540 geneta
971 1459 1338 1528 Callirrhoe,
1384 1457 1732 1526 Achelois,

171 1556 223 1599 et
249 1544 661 1620 Raplianister
678 1588 702 1617 ,
731 1544 861 1601 utie
885 1543 1104 1625 vaginis
1130 1558 1368 1617 caetera,
1393 1563 1541 1623 quae
1560 1562 1733 1621 snpra

166 1625 281 1685 huc
325 1628 637 1686 retulimus.
686 1629 773 1685 Ex
805 1627 913 1686 illis
939 1629 1352 1703 Raplzanister
1380 1627 1548 1707 septis
1571 1648 1732 1687 cam-

166 1713 474 1793 panulatis:
511 1714 822 1770 Achelois
843 1712 1077 1792 siphone
1101 1712 1364 1769 centrali:
1398 1712 1736 1769 Callirrhoe}

166 1797 359 1857 eodem
409 1797 623 1855 laterali
664 1796 1117 1878 distinguuntur.
1158 1797 1246 1854 Ex
1308 1796 1392 1855 his
1427 1798 1731 1869 Ραοίἰίεε,

171 1882 436 1957 Cetoci3‚
466 1886 755 1941 Acamas
779 1884 941 1963 apice
985 1882 1302 1962 perforato:
1341 1881 1734 1963 Porodragas

164 1968 344 2027 forma
364 1968 706 2027 lanceolata:
741 1969 1147 2043 BelemniteS‚
1180 1969 1518 2047 Chrysaor,
1542 1969 1733 2026 Ami-

163 2076 374 2112 monas
397 2100 413 2129 ‚
465 2055 791 2113 Thalamus
838 2054 1031 2114 eadem
1061 2055 1261 2114 conica
1284 2077 1302 2114 :
1331 2055 1729 2136 Pyrgopolon

165 2140 358 2199 eadem
441 2141 760 2221 compressa
842 2140 1280 2225 dignoscuntur.
1342 2142 1542 2223 Longe
1593 2161 1729 2199 vero

165 2226 357 2284 abesse
423 2226 585 2285 nobis
660 2226 920 2303 videtur,
966 2242 1029 2286 ut
1097 2227 1320 2297 diversa
1370 2227 1465 2285 illa
1520 2246 1729 2308 genera

166 2312 380 2385 omnia,
409 2329 473 2370 ut
498 2311 792 2372 distinctae
815 2314 1293 2372 Belemnitamm
1313 2312 1562 2392 species,
1587 2331 1729 2391 pro-

166 2397 300 2476 poni
348 2398 588 2477 possint:
633 2399 817 2481 primo
885 2399 1032 2457 enim
1078 2400 1492 2478 Raphanister
1545 2417 1728 2480 genus

167 2482 328 2539 nobis
351 2483 576 2542 videtur
601 2507 629 2543 e
647 2486 856 2544 nucleo
883 2484 1092 2544 detrito
1118 2485 1482 2544 constitutus:
1505 2482 1561 2541 in
1588 2503 1727 2561 qul-

167 2566 275 2624 bus
317 2566 519 2626 deinde
561 2592 704 2650 apex
752 2570 1070 2650 perforatus
1106 2571 1342 2642 dicitur,
1394 2569 1520 2626 illae
1570 2566 1727 2625 hunc

128 2730 130 2733 ι
168 2651 539 2711 verisimiliter
564 2654 892 2714 diffractum
922 2655 1146 2713 habent.
1180 2656 1341 2729 Quae
1369 2652 1592 2711 tandem
1619 2651 1728 2711 for-

169 2759 313 2795 mam
336 2739 698 2798 lanceolatam
721 2761 855 2820 prae
892 2760 950 2797 se
998 2740 1185 2798 ferunt
1208 2785 1223 2815 ‚
1255 2755 1308 2798 et
1350 2737 1533 2819 stipite
1567 2737 1728 2820 quasi

169 2839 575 2901 sustentantur,
610 2826 838 2884 multam
884 2825 1200 2909 analogiam
1245 2823 1474 2906 quidem
1518 2823 1728 2883 habent

170 2930 300 2967 cum
323 2910 698 2970 Cidaritarum
735 2911 1108 2993 quarumdam
1147 2911 1319 2993 spinis
1350 2933 1359 2968 :
1403 2909 1565 2970 dubii
1591 2931 1725 2972 vero

169 2993 460 3058 haeremus
487 3018 624 3058 num
667 2998 1029 3059 Belemnitis
1057 2997 1572 3069 vel-Echino'z‘deis
1613 2997 1723 3057 sint
