2106 3665
388 471 458 511 10
1125 475 1193 502 Ξ

461 553 632 626 Quod
683 553 865 635 primo
917 553 1111 612 attinet
1160 552 1234 611 ad
1281 550 1532 611 ordinem
1581 554 1919 634 generalem,

375 639 621 699 vidimus
656 661 722 697 ex
768 638 1149 719 superioribus
1181 639 1531 713 CUVIERIUM,
1553 637 1923 697 SCHWEIGGE-

373 746 493 783 RUM
548 741 599 783 et
632 726 1019 782 LAMARCKIUM
1061 746 1091 781 a
1126 726 1416 801 Sepiariis
1455 722 1726 804 incepisse
1760 739 1812 783 et
1850 724 1922 781 ab

372 809 461 868 his
490 810 560 867 ad
584 813 664 865 A
666 812 1051 880 mmomteas
1068 811 1570 906 ‘Nautilaceaqzie
1597 809 1917 889 perrexisse.

370 893 419 952 F
421 915 782 953 EnussAcqus
818 915 951 953 vero
992 893 1205 973 primus
1228 895 1335 953 fuit
1353 896 1495 976 ‚qui
1538 894 1809 975 incipiens
1850 893 1923 950 ab

370 984 455 1036 A
462 1002 745 1038 mmonezs
782 995 833 1038 et
867 980 1190 1056 Octopodis
1225 981 1422 1037 finiens
1444 981 1634 1054 ,hunc
1671 979 1921 1038 ordinem

367 1064 598 1124 invertit
645 1081 732 1140 et,
779 1087 863 1124 me
912 1063 1127 1146 judice,
1174 1081 1322 1123 recte
1364 1026 1620 1145 quidem:
1681 1088 1809 1123 nam
1863 1064 1921 1122 in

365 1148 729 1231 dispositione
780 1173 969 1209 rerum
1008 1150 1342 1210 naturalium
1385 1172 1601 1232 semper
1640 1150 1920 1209 attenden-

361 1235 499 1295 dum
545 1253 653 1307 est,
682 1253 748 1295 ut
793 1260 858 1296 ex
905 1237 983 1297 eis
1030 1237 1256 1319 organis
1298 1253 1587 1296 sumantur
1632 1235 1924 1295 characte-

361 1343 453 1379 res
482 1323 759 1402 primarii,
802 1344 947 1403 quae
991 1323 1221 1381 maxime
1248 1323 1582 1383 universalia
1616 1337 1764 1382 sunt.
1795 1321 1922 1378 Jam

361 1428 499 1465 vero
538 1423 675 1467 testa
704 1409 758 1466 in
789 1408 895 1467 hac
943 1409 1152 1466 familia
1177 1409 1291 1467 sola
1316 1408 1645 1467 universalis
1665 1427 1794 1487 pars
1820 1421 1918 1480 est,

366 1492 694 1568 Octopodis
738 1509 952 1552 tantum
982 1494 1248 1573 exceptis.
1288 1493 1533 1567 Quando
1561 1514 1720 1560 nunc,
1741 1491 1921 1573 sequi-

359 1597 486 1634 mur
514 1577 903 1637 ·formationem
940 1579 1111 1659 hujus
1139 1594 1334 1646 testae,
1368 1578 1625 1639 videmus
1650 1583 1727 1638 A
1734 1599 1920 1636 mmo—

360 1683 477 1719 nea
519 1677 572 1719 et
603 1663 968 1719 chatilaeea
1008 1663 1346 1740 perfectiora
1377 1686 1520 1739 esse,
1569 1685 1745 1743 quum
1781 1661 1920 1720 haec

355 1744 601 1805 habeant
621 1762 813 1805 testam
854 1745 1335 1826 polythalaniiam‚
1385 1748 1617 1826 siphone
1664 1747 1917 1805 instruc—

354 1847 497 1890 tam:
528 1831 661 1890 dum
693 1832 892 1889 sensim
922 1831 1103 1889 abhis
1137 1852 1236 1910 per
1266 1831 1479 1910 gradus
1525 1830 1915 1890 descendimus

354 1916 430 1974 ad
459 1919 938 1990 Nammulitlzczs‚
989 1916 1198 1996 quibus
1240 1917 1432 1974 nullus
1490 1916 1681 1995 sipho:
1726 1916 1794 1973 ab
1830 1916 1918 1975 his

355 2002 430 2060 ad
446 2005 678 2080 Sapinia,
697 2002 904 2083 quibus
926 2000 1187 2060 distincta
1211 2022 1321 2060 non
1335 2000 1574 2082 amplius
1589 2016 1718 2060 sunt
1732 2017 1916 2081 septa:

353 2109 388 2146 a
431 2089 628 2165 Sepiis
649 2088 722 2147 ad
750 2090 1096 2169 LoligineS,
1120 2087 1175 2144 in
1201 2086 1408 2167 quibus
1431 2103 1643 2147 tantum
1689 2108 1917 2167 reprae—

354 2190 604 2232 sentatur
655 2174 867 2232 'lamina
938 2173 1262 2232 tenuissima
1289 2219 1305 2249 ,
1371 2195 1516 2254 quae
1580 2171 1800 2232 tandem
1857 2171 1916 2230 in

359 2259 686 2338 Octopodis
733 2261 898 2340 plane
949 2259 1123 2318 deest.

436 2384 751 2466 Antequam
787 2386 918 2446 vero
953 2407 1357 2466 persequamur
1387 2383 1686 2445 divisiones
1715 2404 1910 2443 secun-

351 2468 533 2529 darias
570 2486 622 2528 et
654 2471 941 2545 tertianaS‚
965 2472 1136 2550 hujus
1165 2471 1275 2530 loci
1318 2472 1478 2529 nobis
1520 2469 1775 2542 videtur,
1824 2490 1911 2528 ex-

348 2577 559 2636 ponere
593 2555 940 2614 characteres
980 2556 1325 2628 animalium‚
1373 2576 1519 2636 quae
1567 2555 1694 2614 viva
1736 2554 1907 2634 hujus

353 2640 568 2699 ordinis
625 2642 916 2701 observata
960 2657 1111 2715 sunt,
1167 2640 1630 2722 quandoquidem
1678 2657 1730 2699 et
1785 2639 1908 2698 illos

350 2742 543 2806 postea
579 2725 636 2784 in
685 2748 849 2785 usum
887 2727 1234 2785 vocabimus.
1278 2726 1570 2785 Peculiare
1603 2746 1737 2783 vero
1765 2723 1909 2803 quid

353 2811 446 2869 hic
467 2810 662 2869 habuit
688 2812 890 2871 locum.
913 2812 1183 2883 Quamvis
1208 2813 1450 2869 Nautili
1468 2810 1764 2885 Pompilii
1777 2808 1907 2867 ani-

353 2896 463 2954 mal
494 2895 707 2975 jamdiu
750 2914 941 2956 notum
979 2897 1047 2955 sit
1086 2913 1139 2955 et
1179 2896 1407 2978 quidem
1452 2915 1586 2953 cura
1620 2894 1903 2970 RUMPHn,

348 2981 670 3062 praesertim
690 2998 867 3041 tamen
880 2983 1212 3041 vernaculae
1227 2982 1452 3062 linguae
1465 2978 1738 3058 imperitia
1750 2978 1907 3060 apud

351 3082 567 3124 exteros
591 3067 799 3125 factum
827 3084 935 3142 est,
963 3083 1023 3125 ut
1043 3067 1275 3140 animal,
1301 3088 1331 3124 a
1355 3067 1623 3123 Rumpfflo
1647 3063 1903 3146 desump-

351 3167 501 3230 tum,
536 3150 609 3211 ad
641 3152 786 3213 hanc
819 3168 1008 3213 testam
1043 3172 1154 3213 non
1182 3151 1455 3235 pertinere
1486 3149 1543 3210 in
1578 3149 1900 3214 universum
