2106 3665
383 391 463 466 46
1114 418 1183 446 2

369 493 737 554 accensenda.
758 494 1049 554 BAUDINUS
1085 493 1316 577 quidem
1342 515 1531 554 omnes
1551 493 1926 554 Belemniias

379 582 514 639 tales
548 582 733 662 spinas
773 583 976 640 habere
1006 580 1205 657 affert,
1240 579 1338 640 sed
1375 581 1467 637 illa
1496 580 1763 639 sententia
1794 602 1929 660 pos-

372 668 673 726 terioribus
713 667 1200 726 observationibus
1239 665 1340 726 diu
1393 667 1602 747 rejecta
1651 681 1749 725 est.

463 751 743 811 Addenda
775 752 1049 834 quaedam
1077 768 1285 812 restant
1323 751 1394 810 de
1435 753 1648 811 nucleis
1679 752 1934 810 Belem-

380 840 675 912 nitarum,
706 839 763 895 in
803 854 1076 919 quantum
1098 840 1287 920 plures
1314 853 1480 896 testae
1529 838 1701 919 septis
1752 852 1934 895 trans-

377 926 549 983 versis
588 922 818 1006 integris
841 925 1084 983 donatae
1126 940 1179 982 et
1202 946 1345 1005 quae
1374 923 1554 982 forma
1591 924 1936 983 conveniunt

379 1028 508 1067 cum
550 1011 752 1070 nucleo
801 1011 1180 1068 Belemnitae
1226 1011 1506 1091 gigantei
1562 1009 1935 1067 Scflnorrmmu

374 1094 734 1173 (Callirrhoe
772 1098 1001 1156 MONTE.
1022 1096 1042 1174 )
1061 1141 1084 1166 ,
1114 1096 1187 1154 ad
1210 1097 1583 1153 Belemnites
1610 1093 1937 1152 referendae

381 1180 531 1255 sint,
577 1202 767 1241 necne.
819 1181 1193 1256 SoWERBYUs,
1233 1181 1359 1261 qui,
1398 1180 1456 1238 in
1502 1201 1671 1260 opere
1717 1174 1938 1258 saepius

377 1283 715 1339 memorato,
757 1269 1070 1350 complures
1101 1266 1430 1347 descripsit,
1471 1266 1592 1324 illas
1618 1280 1781 1324 testas
1801 1285 1939 1320 ana-

376 1350 538 1431 logas
605 1353 814 1412 formae
876 1352 1135 1412 laudatae
1188 1352 1391 1411 dividit
1436 1351 1493 1408 in
1539 1350 1663 1409 illas
1705 1348 1939 1429 siphone

380 1437 611 1494 centrali
662 1454 715 1495 et
756 1439 814 1496 in
855 1439 978 1497 illas
1020 1439 1252 1518 siphone
1305 1438 1660 1509 excentrico,
1704 1434 1941 1514 illasque

377 1521 485 1579 sub
507 1522 727 1580 nomine
767 1523 1034 1605 generico
1076 1524 1485 1596 Belem-nime,
1540 1481 1660 1579 has,
1676 1540 1812 1580 vero
1834 1518 1941 1577 sub

379 1606 826 1666 denominatione
867 1609 1229 1665 Orthocetae
1269 1607 1520 1666 distinxit
1549 1606 1693 1685 (31).
1736 1603 1943 1684 Sipho-

378 1692 463 1750 nis
513 1714 648 1751 vero
698 1694 794 1749 illa
838 1691 1130 1772 dispositio
1181 1709 1421 1772 utraque
1471 1707 1580 1749 tam
1634 1688 1945 1749 insensibili

382 1775 567 1858 gradu
590 1798 657 1834 ex
696 1777 802 1834 alia
842 1777 900 1833 in
940 1777 1104 1834 aliam
1143 1777 1367 1849 transit,
1414 1792 1475 1833 ut
1505 1776 1562 1832 in
1612 1774 1943 1833 Orthocera

381 1863 671 1919 annulata
707 1864 1003 1922 SOWERBYI
1037 1883 1088 1920 v.
1142 1881 1223 1933 e.,
1282 1883 1415 1918 num
1446 1860 1705 1919 centralis
1743 1882 1813 1917 an
1843 1880 1943 1917 ex-

382 1948 663 2006 centricus
708 1947 985 2006 dicendus
1015 1948 1084 2005 sit
1139 1946 1330 2026 sipho,
1371 1946 1710 2004 haereamus
1755 1945 1939 2002 Prae-

382 2048 533 2091 terea
579 2032 821 2092 vidimus
870 2033 928 2090 in
988 2033 1297 2090 Nautileis
1337 2047 1389 2089 et
1423 2032 1718 2108 Spiruleis
1772 2030 1952 2091 situm.

383 2118 631 2198 siphonis
654 2117 816 2178 valde
859 2119 916 2176 in
960 2117 1194 2178 diversis
1238 2116 1537 2199 speciebus
1578 2114 1840 2190 differre,
1882 2131 1944 2173 ut

385 2202 613 2284 quidem
652 2203 741 2261 vix
791 2204 847 2261 in
898 2203 1016 2262 ullo
1053 2204 1219 2284 plane
1270 2201 1586 2263 conveniat.
1648 2200 1942 2276 Tandem,

384 2290 719 2369 comparatis
760 2289 1086 2370 speciebus,
1129 2309 1268 2368 quas
1311 2288 1384 2347 ad
1444 2287 1804 2345 Orthoceras
1851 2308 1945 2344 re-

386 2374 495 2432 fert
535 2375 912 2448 SoWeRBYUS,
955 2376 1188 2432 maxime
1218 2372 1501 2457 indigesta
1544 2371 1672 2430 inde
1717 2370 1942 2429 enasci-

385 2476 478 2517 tur
513 2461 698 2522 moles.
749 2461 831 2517 Ut
874 2459 1050 2540 igitur
1098 2476 1403 2540 utrumque
1434 2478 1615 2540 genus
1662 2456 1775 2513 suis
1797 2455 1948 2513 limi-

385 2545 539 2603 tibus
617 2546 813 2603 melius
874 2544 1392 2618 circumscribatur,
1458 2543 1601 2600 alius
1658 2540 1947 2599 character

389 2629 748 2710 quaercndus
792 2644 871 2689 est
923 2645 985 2688 et
1058 2630 1219 2688 hicce
1268 2629 1498 2733 quidem
1545 2627 1827 2684 invenitur
1887 2625 1946 2682 in

386 2715 567 2773 soima
600 2716 820 2775 diversa
870 2731 1038 2774 testae
1077 2717 1167 2774 vel
1206 2714 1405 2774 conica
1456 2714 1545 2781 vel
1607 2708 1942 2791 cylindrica.

391 2799 553 2870 Quae
583 2803 821 2860 conicae
859 2817 1019 2871 sunt,
1083 2822 1341 2882 magnam
1395 2798 1639 2857 offerunt
1698 2793 1945 2851 affinita-

393 2899 503 2942 tem
553 2905 679 2944 cum
720 2886 923 2944 nucleo
965 2887 1341 2944 Belemnz‘tae
1375 2882 1650 2964 gigantei
1697 2881 1946 2939 SCHLoT.

466 3024 584 3097 (51)
613 3024 766 3080 Conf.
798 3026 936 3097 Min2
975 3026 1173 3081 Conch.
1215 3027 1238 3079 I
1273 3045 1394 3099 pag,
1431 3040 1518 3097 27·
