2106 3665
926 437 997 465 2⁸-
1653 438 1725 475 21

256 520 665 579 Conlabulata.
698 516 769 575 N.
814 514 1303 597 comprehendunt
1328 532 1439 576 tres
1471 518 1729 582 ordines:

167 607 552 688 Sphaeralea.
589 607 741 664 LAM.
759 649 774 678 ‚
795 604 1234 673 Nummulitea,
1257 602 1330 661 N.
1358 620 1412 662 et
1432 606 1728 683 Sepiaria.

170 729 241 738 -—
272 694 639 771 Sphaerzclea
694 706 950 749 constant
991 689 1210 749 laminis
1252 693 1585 772 squamatim
1625 694 1728 751 sibi

164 780 468 860 impositis,
519 777 710 857 spatiis
777 776 1010 838 internis
1077 775 1247 858 septis
1322 800 1435 836 non
1500 777 1726 837 divisis:

161 866 535 925 LAMARcKIUs
584 863 688 921 tria
729 885 933 945 genera
966 863 1081 934 huc
1119 863 1322 940 refert,
1368 866 1682 922 Miliolam
1705 912 1727 937 ,

159 953 507 1010 Melom'am
539 961 597 1006 et
636 950 1026 1031 Gyrogonczm
1048 973 1066 1008 :
1098 951 1355 1008 smiliola
1389 972 1521 1011 vero
1549 951 1731 1011 solum

160 1058 227 1095 ex
278 1035 363 1094 his
416 1056 597 1117 genus
640 1052 754 1110 est,
811 1035 971 1118 qnod
1024 1054 1281 1096 naturam
1350 1037 1729 1096 conchaceam

157 1121 421 1182 distincte
457 1122 684 1201 probet:
727 1123 808 1182 uti
851 1144 1051 1204 nempe
1076 1124 1478 1183 DESMAREsTio
1524 1124 1731 1196 Gym—

152 1231 315 1291 gona
348 1211 633 1269 structura
673 1211 840 1306 plane
879 1210 1183 1270 convenire
1238 1231 1371 1268 cum
1420 1209 1728 1269 seminibus

162 1294 393 1353 Charete
436 1296 708 1376 vulgaris
740 1297 860 1356 Visa
897 1312 976 1355 est
1000 1294 1157 1376 (19),
1192 1295 1267 1356 ita
1304 1295 1468 1355 etiam
1505 1298 1724 1354 Melo-

156 1383 322 1438 niam
381 1402 567 1439 semen
616 1382 886 1441 habemus
957 1383 1257 1464 cujusdam
1316 1383 1600 1440 Ceramii.
1653 1417 1725 1426 —

154 1465 223 1524 In
243 1466 693 1525 Nummulitez’S.
718 1469 794 1526 N
825 1469 1112 1526 anfractus
1160 1490 1189 1526 e
1240 1469 1412 1547 septis
1454 1482 1729 1526 concate-

154 1552 300 1611 natis
336 1553 631 1633 compositi
673 1571 831 1628 sunt‚
865 1554 1127 1632 pluribus
1162 1552 1381 1610 laminis
1423 1553 1532 1611 sibi
1569 1552 1723 1610 invi-

155 1634 286 1695 cem’
308 1639 681 1697 conta-balatis
698 1684 713 1712 ,
755 1638 1027 1697 obtectis:
1052 1638 1143 1695 hic
1168 1637 1310 1696 ordo
1342 1659 1520 1697 unum
1544 1660 1727 1721 genus

156 1738 387 1789 tantum,
415 1724 926 1779 N‘zcmmulitczrzcm
945 1742 1165 1801 nempe,
1192 1724 1724 1802 comprehendit.—

152 1808 221 1865 In
269 1810 562 1885 Sepiariis
618 1807 842 1866 tandem
886 1807 1111 1866 eaedem
1139 1808 1378 1866 laminae
1427 1810 1733 1868 Nummu-

153 1895 399 1952 litaram
432 1894 596 1952 etiam
616 1893 849 1969 adsunt,
877 1911 1033 1974 septa
1054 1911 1421 1954 concatenata
1447 1895 1505 1953 in
1540 1896 1730 1955 medio

153 1994 338 2038 autem
408 1978 630 2039 desunt.
692 1980 761 2038 In
804 1981 1005 2058 Sepiz's
1063 1980 1166 2039 hae
1196 1983 1485 2041 calcareae
1523 1980 1730 2042 indolis

99 2099 101 2101 ·
154 2081 316 2140 sunt,
363 2065 702 2125 columnulis
746 2066 1318 2148 perpendicularibus
1346 2068 1403 2126 in
1433 2068 1728 2150 quincun—

154 2171 280 2209 cem*
305 2151 588 2233 dispositis
617 2153 987 2234 conjunctae:
1015 2153 1073 2211 in
1103 2153 1495 2236 Loliginibas
1529 2170 1725 2215 autem

154 2256 389 2296 coineae
433 2238 890 2321 columnulisq¹1e
939 2239 1283 2299 intermediis
1310 2239 1500 2298 nulliS.
1531 2274 1603 2284 —
1634 2242 1728 2299 Ex

157 2321 379 2383 diverse
429 2325 793 2385 conformatis
833 2326 986 2385 testis
1008 2326 1187 2409 igitur
1211 2326 1442 2408 quidem
1469 2341 1727 2386 constant

159 2409 584 2469 Contahalata:
603 2413 787 2470 omnia
827 2434 962 2471 vero
988 2412 1044 2470 in
1066 2434 1134 2471 eo
1155 2412 1531 2487 conveniunt,
1563 2411 1724 2493 quod

153 2494 371 2554 laminis
439 2497 546 2554 sibi
613 2497 855 2556 invicem
929 2498 1204 2578 impositis
1281 2514 1721 2578 componuntur.

157 2578 373 2655 Sepiae
415 2581 488 2637 ab
529 2580 636 2640 alia
677 2598 836 2662 parte
883 2585 1198 2665 analogiam
1243 2584 1548 2643 ostendunt
1591 2602 1724 2642 cum

227 2721 349 2795 (19)
377 2722 502 2776 Vid.
531 2723 752 2775 Bulletin
780 2725 843 2776 de
859 2724 906 2776 la
932 2725 1128 2778 Societe
1147 2725 1527 2798 Philomatique
1556 2725 1721 2797 1810,

156 2816 271 2868 pag.
297 2796 417 2870 275,
438 2795 509 2868 pl
542 2815 592 2866 2,
628 2797 713 2865 fig
746 2799 796 2865 5,
819 2818 863 2849 a.
884 2798 935 2848 b.
964 2819 1007 2850 c
1018 2799 1349 2851 -Audimus
1400 2820 1522 2853 vero
1564 2801 1721 2855 hanc

156 2891 213 2923 ce
264 2872 563 2923 sententiam
624 2871 1013 2924 DESMARESTH
1058 2872 1390 2927 celeheirimo
1445 2875 1713 2927 KUNTHIO
1779 2910 1782 2911 ν

156 2946 374 2997 minime
426 2944 753 3017 probabilem
795 2946 957 2998 videri
1004 2960 1052 3000 et
1104 2946 1338 3001 dolemus
1385 2968 1505 3021 ergo
1538 2949 1725 3019 valde,

157 3020 437 3091 specimina
479 3020 632 3076 nobis
678 3020 744 3073 ad
768 3040 953 3074 manus
984 3040 1094 3075 non
1124 3041 1243 3079 esse.
