2106 3665
859 488 928 514 =
1585 458 1659 521 15

107 592 171 631 se
208 571 424 642 ferunt,
465 588 639 650 quum
663 586 851 624 earum
885 564 1025 622 rami
1067 563 1471 622 numerosiores
1510 564 1655 623 sint:

110 655 344 715 arteriae
396 651 742 713 branchiales
793 647 867 707 ad
923 665 1105 707 ortum
1160 649 1415 709 valvulas
1466 666 1657 708 acutas

114 741 339 800 habent.
366 740 431 796 In
462 740 658 816 Sepiis
690 756 786 794 cor
810 733 1093 793 medium
1078 758 1137 792 in
1163 751 1309 808 treS,
1340 734 1398 791 in
1418 734 1659 813 Lolc'gi-

108 829 284 884 nibus
304 826 360 883 in
388 823 528 881 duas
553 822 792 883 divisum
819 837 915 879 est.
945 821 1010 879 In
1032 821 1139 880 illis
1164 822 1221 879 in
1250 818 1433 879 medio
1457 818 1660 899 hepate

106 909 393 969 atramenti
435 929 631 968 saccus
668 906 950 966 invenitur
987 930 997 965 :
1049 908 1106 965 in
1146 907 1229 965 his
1282 922 1407 964 ante
1459 904 1654 984 hepar.

109 994 450 1074 Praecipuas
498 994 590 1051 hic
647 1008 862 1050 tantum
912 993 1227 1054 notavimus
1276 990 1655 1050 differentias:

105 1080 204 1160 qui
248 1080 412 1160 plura
452 1076 769 1155 desideret,
821 1076 984 1138 adeat
1017 1100 1161 1160 opus
1193 1079 1453 1139 CUVIERH
1489 1098 1659 1157 supra

104 1163 416 1224 laudatum.

187 1289 288 1348 His
326 1290 578 1372 scriptis,
623 1291 954 1349 contrariam
994 1290 1317 1372 opinionem
1361 1289 1522 1348 etiam
1552 1288 1659 1348 de-

100 1376 362 1435 sensam
349 1377 661 1437 invenimus
688 1400 719 1435 a
745 1378 1118 1437 BrAiivuLLio
1163 1376 1317 1456 (16),
1368 1376 1660 1456 quiLEAc-

103 1484 247 1519 nrum
311 1480 537 1522 secutus
605 1465 1014 1544 Argonautae
1058 1462 1261 1521 animal
1321 1461 1444 1541 pari
1490 1456 1659 1519 modo

101 1547 405 1626 parasitum
453 1549 672 1607 habuit.
726 1547 900 1620 Quod
940 1548 1014 1605 ad
1074 1548 1324 1606 diversas
1383 1544 1657 1620 rationeS‚

101 1653 241 1711 quas
277 1655 404 1716 pro
434 1656 532 1692 sua
574 1632 841 1692 sententia
877 1632 1080 1706 affert,
1128 1632 1322 1688 attinet
1365 1674 1380 1703 ‚
1421 1630 1658 1710 primam

99 1715 231 1773 inde
280 1711 471 1791 ducit,
515 1717 673 1798 quod
724 1717 1019 1793 scriptores
1092 1714 1425 1793 tamantiqui
1489 1737 1659 1796 quam

97 1802 270 1859 nostri
310 1802 431 1860 aevi
471 1802 691 1859 diversa
712 1799 923 1858 ratione
957 1798 1028 1855 de
1055 1797 1278 1856 animali
1302 1800 1656 1878 Argonau-

40 1914 43 1917 ·
97 1897 194 1943 tae
255 1886 582 1967 judicarunt
647 1898 702 1940 et
773 1883 1168 1964 scripserunt·
1156 1929 1171 1953 ,
1236 1904 1348 1942 non
1414 1886 1657 1944 multum

98 1971 282 2030 valere
319 1971 457 2030 haec
496 1984 793 2051 putamuS,
838 1990 1018 2050 quum
1079 1968 1290 2050 cuique
1344 1984 1541 2027 notum
1586 1972 1658 2029 sit

93 2056 339 2136 antiquis
388 2055 734 2136 temporibus
775 2054 845 2113 de
867 2053 1129 2134 pluribus
1170 2055 1337 2113 rebus
1381 2056 1655 2136 scriptum

92 2141 290 2217 fuisse,
326 2159 625 2223 antequam
661 2140 787 2198 illae
826 2139 984 2221 ipsae
1023 2139 1172 2198 visae
1197 2140 1440 2217 fuerint,
1478 2162 1654 2222 prae-

91 2226 274 2286 sertim
304 2228 349 2286 si
391 2227 804 2309 aliquantulum
828 2226 1191 2285 miraculosae
1232 2244 1406 2286 erant.v
1430 2226 1653 2287 Deinde

93 2311 250 2391 quod
287 2313 358 2372 ad
387 2313 721 2373 recentiores
744 2313 1043 2392 scriptores
1066 2312 1286 2388 attinet,
1330 2312 1492 2371 nobis
1533 2334 1653 2372 non

90 2413 285 2457 notum
342 2415 451 2474 est,
517 2420 770 2481 unquam
818 2394 975 2456 aliud
1016 2398 1221 2455 animal
1268 2399 1326 2456 in
1371 2398 1457 2456 his
1503 2398 1655 2457 testis

90 2483 379 2543 inventum
405 2485 601 2559 fuisse,
626 2506 795 2565 quam
819 2505 993 2564 supra
1020 2482 1366 2565 descriptum
1387 2499 1441 2542 et
1465 2505 1658 2564 quam-

92 2566 178 2625 vis
204 2569 423 2650 figurae
448 2572 518 2628 ab
539 2570 624 2629 his
646 2570 879 2629 traditae
908 2569 1090 2629 minus
1110 2569 1488 2629 accuratiores
1511 2569 1651 2644 sint,

92 2667 276 2709 tamen
314 2676 378 2711 ex
424 2655 531 2712 illis
579 2671 767 2735 patet,
815 2655 961 2713 idem
1018 2654 1209 2714 fuisse.
1258 2656 1437 2713 Porro
1475 2652 1652 2727 dicit,

93 2757 205 2793 non
271 2739 743 2816 comprehendere
807 2740 1098 2819 quomodo
1151 2740 1354 2796 animal
1408 2758 1654 2818 corpore

89 2820 248 2880 brevi
271 2838 323 2881 et
347 2843 531 2880 crasso
553 2839 747 2880 testam
763 2824 1173 2903 symmetricam
1190 2824 1245 2880 in
1264 2822 1456 2881 eodem
1483 2824 1653 2906 plano

93 2908 451 2983 convolutam
493 2907 756 2966 fabricari
797 2907 1002 2987 possit:
1059 2908 1374 2966 invenimus
1416 2908 1652 2968 formam

93 2994 344 3072 corporis
373 2993 671 3053 convenire
696 3014 824 3052 cum
852 2992 1030 3051 forma
1072 2994 1244 3052 testae
1263 3015 1481 3076 ‚quum
1508 2994 1653 3053 illud

165 3118 215 3179 (1
231 3116 290 3179 6)
310 3113 460 3167 Conf.
482 3115 694 3168 Journal
720 3116 781 3168 de
801 3116 1073 3189 Physique,
1094 3117 1156 3171 de
1177 3116 1382 3173 Chimie
1406 3131 1453 3173 et
1479 3117 1647 3171 d’His

94 3187 223 3240 toire
249 3187 523 3261 naturelle‚
546 3190 694 3245 Tom.
724 3190 823 3245 35.
808 3210 955 3264 ..pag
980 3208 1064 3265 72.
