2106 3665
958 502 1028 528 =
1683 477 1771 535 13'

205 601 592 646 conservatum
638 581 792 641 adest
831 601 842 637 :
885 599 1057 659 penes
1097 598 1197 636 nos
1242 599 1380 661 ergo
1419 595 1499 638 est
1527 623 1541 652 ,
1581 581 1761 663 magis

204 685 524 731 accuratam
582 669 752 750 hujus
810 664 1060 724 animalis
1119 663 1254 723 dare
1311 662 1760 743 descriptionem.

205 758 424 838 Corpus
464 755 806 837 triangulare
845 751 1001 809 nulla
1039 766 1198 832 parte
1236 765 1406 810 testae
1451 749 1758 810 adhaerens

204 859 259 902 et
297 841 588 902 cavitatem
632 854 797 899 testae
836 837 954 897 fere
997 837 1221 918 replens
1258 859 1270 895 z
1309 835 1552 895 Brachia
1602 853 1762 910 oct0‚

203 947 517 1008 compressa
539 970 554 1001 ,
587 924 841 1008 margine
879 925 1337 983 membranaceo:
1381 945 1413 981 2
1458 921 1718 982 frontalia
1753 967 1769 997 ,

205 1013 387 1095 spirae
428 1028 598 1073 testae
637 1010 1049 1086 incumbentia,
1078 1009 1152 1069 ad
1187 1009 1344 1069 basin
1384 1009 1527 1068 iuter
1556 1030 1611 1068 se
1641 1030 1785 1088 con-¹·

204 1114 383 1174 creta,
432 1096 505 1157 ad
545 1113 762 1178 partem
801 1096 1095 1156 dimidiam
1133 1095 1508 1178 longitudinis
1549 1093 1769 1154 deflexa

203 1200 260 1244 et
291 1184 350 1243 in
391 1182 599 1245 varios'
620 1183 800 1243 flexus
835 1182 1039 1242 adnata
1070 1199 1132 1243 ut
1159 1182 1292 1241 inde
1317 1180 1466 1241 duae
1493 1181 1765 1262 expansi-

205 1291 339 1330 ones
382 1270 837 1329 membranaceae
881 1269 1133 1329 oriantur
1172 1267 1246 1327 ad
1287 1285 1585 1350 utramque
1625 1267 1767 1326 bra—

205 1355 463 1416 chiorum
495 1372 742 1437 partem,
781 1355 991 1437 quibus
1025 1363 1206 1414 aerem
1241 1353 1484 1416 natando
1510 1353 1769 1434 excipere

207 1440 511 1502 dicuntur:
561 1442 716 1523 paria
762 1439 880 1501 duo
929 1440 1184 1501 mediana
1223 1457 1538 1502 antrorsum
1579 1460 1775 1514 versa,

204 1528 513 1610 posteriora
531 1544 680 1588 retro
700 1549 879 1603 versa,
896 1528 954 1585 in
975 1528 1244 1586 lateribus
1261 1543 1431 1587 testae
1454 1524 1772 1606 pendentia:

206 1629 262 1671 et
284 1613 414 1693 duo,
432 1613 668 1672 brachia
702 1613 975 1674 ventralia
1004 1613 1287 1691 prioribus
1318 1613 1577 1691 analoga.
1619 1610 1773 1668 Ace-

207 1698 399 1757 tabula
438 1700 497 1755 in
531 1698 626 1755 illa
656 1714 814 1777 parte
841 1696 1202 1755 brachiorum
1237 1711 1453 1754 tantum
1479 1694 1771 1754 efformata

209 1798 373 1856 sunt,
403 1803 547 1861 quae
571 1783 642 1837 ab
677 1802 774 1838 ore
808 1778 882 1836 ad
918 1779 1229 1860 marginem
1263 1797 1560 1858 aperturae
1600 1797 1773 1840 testae

207 1866 427 1947 vergit,
471 1864 608 1922 dum
657 1884 813 1943 parS,
855 1884 1003 1943 quae
1046 1879 1199 1922 extra
1246 1864 1408 1922 illum
1459 1866 1770 1947 marginem

207 1949 448 2033 pendet,
489 1949 799 2009 acetabulis
834 1949 1097 2009 obsoletis
1133 1949 1389 2032 praedita
1430 1966 1531 2010 est.
1559 1952 1773 2012 Saccus

210 2037 392 2095 antice
419 2035 475 2092 in
504 2034 1100 2112 brachiacontinuus,
1130 2036 1349 2117 postice
1377 2054 1603 2118 apertus
1625 2053 1689 2096 ut
1717 2037 1774 2095 in

223 2121 582 2200 Octopodis,
631 2121 729 2181 sed
777 2121 1070 2204 ligamenti
1125 2144 1234 2204 ope
1274 2124 1494 2205 postice
1545 2123 1773 2204 corpori

210 2229 329 2267 non
352 2206 660 2267 adhaerens
682 2231 703 2266 xz
732 2208 939 2266 lamina
967 2207 1334 2293 cartilaginea
1371 2209 1774 2269 tuberculum-

213 2315 325 2374 que
348 2314 642 2354 carnosum
665 2294 738 2354 ad
759 2309 1059 2376 utramque
1078 2311 1294 2376 partem
1309 2343 1324 2374 ,
1351 2295 1433 2355 uti
1455 2296 1513 2353 in
1536 2297 1736 2374 Sepiz’s
1761 2317 1773 2352 ε

176 2379 427 2438 ,labium
475 2378 720 2462 duplex,
770 2379 1164 2440 intermedium
1212 2380 1390 2465 igitur
1432 2381 1576 2440 inter
1630 2378 1775 2439 illud

217 2467 560 2542 Sepiamm,
602 2466 760 2548 quod
789 2466 992 2547 triplex
1018 2482 1072 2525 et
1114 2468 1584 2546 Octopodorum,
1616 2466 1775 2548 quod

217 2550 446 2630 simplex
474 2568 579 2610 est:
618 2569 881 2633 apertura
919 2552 1123 2613 bursae
1152 2556 1319 2614 valva
1359 2575 1471 2614 non
1503 2552 1779 2612 instructa

220 2649 319 2691 est.
362 2637 521 2694 Anus
548 2638 845 2698 tentaculis
873 2637 1234 2699 filiformibus
1255 2638 1579 2699 destitutus:
1617 2637 1780 2696 bran-

220 2718 380 2776 chiae
427 2741 531 2797 pro
584 2724 797 2781 ratione
840 2724 1019 2782 multo
1040 2725 1310 2806 majores,
1342 2745 1512 2805 quam
1547 2722 1603 2783 in
1649 2722 1779 2780 Oc-

223 2804 470 2880 topodis,
517 2807 605 2863 Ex
648 2807 804 2865 tenui
858 2823 1027 2866 testae
1071 2809 1288 2866 fabrica
1339 2823 1491 2867 etex
1534 2808 1782 2869 obsoleta

153 2968 155 2970 „
222 2889 646 2948 acetabulorum
684 2891 1124 2951 conformatione
1153 2893 1407 2974 sequitur
1438 2894 1670 2954 vivendi
1703 2916 1783 2952 ra-

225 2974 430 3032 tionem
480 2975 643 3034 valde
689 2976 918 3035 differre
944 2977 1017 3034 ab
1061 2978 1154 3036 illa
1193 2974 1600 3057 Sepiaramet
1621 2980 1782 3037 Loli-

221 3062 461 3138 ginum,
483 3062 582 3142 qui
608 3062 940 3121 animalibus
968 3063 1394 3144 praedatoribus
1425 3063 1780 3124 adnumerari

226 3143 457 3204 debent:
485 3148 854 3208 verosimilius
888 3165 996 3218 est,
1020 3153 1427 3232 Argonautas
1450 3150 1788 3233 corporibus

230 3250 346 3291 sese
368 3230 591 3313 affigere
617 3249 832 3295 tantum
854 3256 1035 3317 eaque
1055 3258 1358 3319 exsugere,
1384 3259 1510 3297 nam
1533 3236 1606 3296 ad
1629 3256 1783 3316 prae·
