2106 3665
368 428 442 495 72
1110 438 1181 466 =

850 632 1206 705 CAPUT
1262 634 1438 705 VII.

362 813 470 872 DE
536 809 1064 886 NOTIONIBUS‚
1128 808 1337 885 QUAS
1405 807 1918 869 SUPERSTITIO

654 952 1630 1010 AMMONJTJSADJUinr.
1735 922 1737 925 '
1826 903 1829 906 ⁷

446 1073 640 1147 Quum
666 1071 833 1155 copia
872 1072 1372 1133 Ammonitarum
1405 1085 1512 1128 tam
1536 1069 1735 1152 ingens
1761 1069 1830 1129 sit
1866 1070 1925 1130 in

362 1158 701 1239 quibusdam
745 1156 1105 1239 regionibus,
1153 1174 1216 1217 ut
1242 1157 1364 1217 viae
1399 1156 1662 1236 publicae
1686 1155 1792 1214 illis
1817 1156 1926 1214 ob-

360 1260 624 1326 tegantur
656 1245 819 1325 (61):
854 1265 965 1303 non
989 1245 1223 1317 mirum,
1256 1240 1413 1325 quod
1438 1263 1467 1300 e
1509 1257 1616 1300 tam
1659 1241 1927 1302 mirandis

360 1346 593 1388 naturae
633 1329 1109 1410 productionibus
1137 1330 1297 1410 plebs
1328 1322 1489 1387 etiam
1530 1326 1709 1385 omnia
1741 1328 1921 1386 finxit.

359 1415 442 1473 ita
470 1413 582 1494 jam
606 1415 777 1474 Plinii
802 1431 1050 1495 tempore
1078 1416 1134 1472 in
1163 1414 1484 1494 Aethiopia,
1519 1416 1925 1472 Ammonz'tae

360 1520 531 1557 aureo
560 1501 747 1560 colore
780 1503 1042 1573 nitentes,
1079 1499 1223 1558 inter
1259 1499 1653 1558 sacratissimas
1680 1520 1927 1580 gemmas

359 1586 716 1645 habebantur
754 1585 883 1659 (62)
918 1600 972 1642 et
1019 1606 1197 1666 quum
1241 1584 1737 1664 superstitionibus
1774 1599 1927 1643 arcte

360 1670 698 1730 adhaereant
723 1671 800 1729 illi
824 1670 1024 1752 populi
1058 1670 1135 1729 uti
1163 1687 1215 1730 et
1239 1670 1384 1746 Indi,
1414 1670 1656 1729 fideliter
1681 1668 1843 1729 etiam
1868 1670 1926 1730 hi

358 1757 563 1816 nostris
605 1757 954 1836 temporibus
997 1754 1189 1813 adhuc
1239 1755 1457 1814 easdem
1505 1755 1758 1815 notiones
1798 1778 1925 1815 ser-

357 1858 565 1900 varunt
603 1842 762 1921 (63),
793 1842 928 1899 dum
958 1843 1377 1912 Ammonitis,
1415 1840 1727 1921 praecipue
1777 1862 1925 1923 quae

357 1929 431 1985 ad
469 1928 622 2008 ripas
660 1926 879 2009 Gangis
910 1925 1302 2003 inveniuntur,
1345 1925 1661 2010 singulares
1694 1926 1921 1987 adscri-

358 2014 502 2072 bunt
536 2013 928 2094 proprietates,

431 2158 558 2216 (615
585 2155 675 2210 Uti
714 2154 890 2208 locum
931 2155 1084 2207 habet
1121 2174 1286 2226 prope
1319 2153 1548 2216 Namur,
1590 2154 1734 2226 quod
1777 2157 1923 2208 ami-—

357 2232 594 2282 cissimus
612 2230 742 2282 VAN
767 2245 872 2281 DEN
906 2230 1066 2282 ENDE
1100 2229 1375 2281 nobiscum
1407 2229 1841 2288 cummunieavit‚
1876 2244 1925 2283 et

360 2307 417 2357 in
458 2304 758 2374 Burgundia
802 2323 966 2375 prope
1006 2302 1225 2355 Avalon.
1269 2302 1422 2366 (Vid.
1473 2301 1750 2371 Lamarek,
1792 2304 1920 2357 Hist.

357 2378 469 2431 Nat.
496 2378 584 2432 des
614 2379 715 2430 An.
742 2398 781 2430 s.
808 2378 951 2432 Vert.
986 2377 1100 2433 VH.
1126 2398 1178 2449 p.
1206 2377 1355 2439 656).

359 2543 400 2596 C
433 2470 488 2543 (6
529 2469 548 2540 )
585 2470 710 2524 Vid.
753 2469 911 2523 Plinii
949 2470 1202 2524 Historiae
1237 2469 1427 2524 Mundi
1461 2468 1618 2521 Liber
1653 2469 1921 2525 XXXVII.

403 2564 485 2615 ap.
526 2564 610 2598 10.

435 2635 547 2707 (65)
579 2634 734 2689 Conf.
763 2636 1153 2700 Blu‘menbach,
1201 2636 1459 2708 specimen
1498 2634 1767 2688 Archaeol.
1808 2635 1922 2688 Tel-

356 2707 504 2762 luriS.
542 2712 863 2781 Goettingae‚
927 2711 1090 2773 1805,
1130 2731 1245 2783 pag.
1289 2728 1375 2763 22.
1402 2710 1529 2761 ΤΗΙ).
1568 2711 1641 2776 ΙΙ,
1680 2708 1764 2778 fig.
1795 2729 1914 2780 7.-

357 2782 595 2858 (Akbery
620 2784 697 2837 Or
724 2787 809 2837 the
836 2786 1094 2838 Institutes
1115 2785 1174 2838 of
1195 2786 1284 2837 the
1314 2786 1568 2857 Emperor
1593 2782 1768 2837 Akber
1788 2781 1919 2834 Cal-

358 2870 494 2907 cutta
552 2858 716 2931 1734,
776 2859 897 2912 Vol.
942 2861 988 2912 Π
1006 2900 1022 2926 ,
1071 2879 1186 2931 pag.
1235 2878 1330 2931 29,
1381 2874 1428 2911 et
1481 2877 1624 2928 seqq.
1647 2889 1710 2897 —-
1728 2857 1917 2909 Lettres

359 2929 669 2992 Edifiantes,
698 2933 759 2983 Τ.
783 2933 976 2986 XXVl.
1005 2934 1176 2992 Paris,
1211 2934 1365 3005 1745.
1392 2951 1488 3004 pag
1501 2969 1515 2989 ,
1558 2930 1660 3001 599
1699 2949 1912 3000 seqq.—

360 3002 611 3058 Sonnerat
622 3044 641 3068 ,
664 3006 872 3080 Voyage
893 3027 996 3062 aux
1014 3007 1163 3061 Indes
1191 3004 1475 3060 Orientales
1493 3003 1554 3055 Τ.
1573 3005 1596 3056 1
1616 3021 1733 3076 pag.
1770 3002 1914 3077 175).
