2106 3665
396 392 475 453 70
1131 400 1202 429 =

912 575 1246 646 CAPUT
1298 578 1428 648 VI.

387 746 479 802 DE
516 746 925 804 STRUCTURA
963 750 1332 807 TESTARUM
1374 754 1434 807 A
1436 753 1515 807 M
1511 754 1587 807 M
1592 751 1744 808 ONI
1745 755 1800 807 T
1790 754 1846 809 E
1855 755 1942 810 O—

609 884 668 936 R
683 883 816 937 UM
846 883 932 937 ET
988 884 1253 939 GONIA
1265 886 1451 939 TITE
1461 887 1567 940 ΟΕ
1583 888 1722 942 UM.

471 1018 540 1077 In
561 1020 980 1080 considerandis
1000 1021 1277 1103 partibus,
1298 1023 1508 1105 quibus
1528 1038 1945 1105 componuntur

385 1119 557 1164 testae
603 1110 1136 1167 Ammoniteoram
1176 1125 1230 1168 et
1284 1111 1797 1187 Goniatiteorum²
1853 1132 1944 1169 se-

392 1190 625 1273 quentia
653 1193 980 1274 praesertim
1020 1195 1078 1252 in
1117 1215 1347 1255 censum
1387 1195 1635 1256 veniunt.

474 1295 648 1369 Quod
675 1297 749 1358 ad
777 1320 954 1382 gyros
987 1299 1139 1381 ipsos
1167 1301 1411 1383 primum
1444 1300 1636 1360 attinet
1660 1299 1946 1396 ingentem

385 1379 446 1438 in
489 1402 789 1442 numerum
848 1385 1070 1466 saepius
1125 1403 1456 1446 accrescunt
1502 1385 1826 1467 praesertim
1886 1385 1946 1444 in

383 1467 680 1526 Planitis.
719 1468 857 1528 Vidi
890 1492 956 1529 ex
993 1471 1078 1529 his
1118 1473 1434 1530 Planitem
1469 1475 1829 1530 bisulcatum
1855 1472 1948 1530 la—

383 1551 629 1611 titudine
662 1553 834 1612 11111115
854 1555 1017 1636 pedis
1058 1572 1110 1614 et
1133 1558 1375 1616 semisse.
1405 1557 1751 1615 RssrNEchs
1778 1556 1945 1615 Cera-

383 1639 534 1696 titen
571 1639 859 1697 nodosam
887 1640 958 1698 N.
992 1639 1131 1700 dicit
1171 1640 1429 1701 diametri
1469 1642 1638 1701 unius
1672 1643 1764 1702 Vel
1798 1641 1948 1701 duo-

388 1744 513 1782 rum
535 1724 748 1804 pedum
771 1741 826 1783 et
844 1729 1254 1785 Ammoniten
1296 1728 1668 1787 colubratum
1694 1727 1946 1788 Scnror.

385 1823 632 1889 quatuor
667 1809 760 1870 vel
795 1831 889 1869 sex
930 1810 1162 1891 pedum.

469 1913 639 1972 Testa
663 1929 919 1990 externa,
954 1914 1197 1987 deinde,
1226 1915 1501 1976 rarissime
1524 1914 1706 1976 adest·
1733 1920 1950 2001 conspi-

388 1998 566 2057 cimus
586 1999 737 2058 illam
757 1960 974 2059 tannim
995 2001 1272 2083 integram
1294 2002 1351 2060 in
1374 2002 1597 2061 duabus
1619 2003 1915 2083 speciebus
1932 2051 1948 2080 ,

386 2085 446 2141 in
487 2087 852 2143 Ammonite
906 2089 1144 2164 spinato
1204 2088 1390 2146 BRUG.
1444 2104 1497 2145 et
1539 2090 1949 2165 planicostczto

385 2170 531 2228 Sovv.
549 2170 616 2227 In
637 2170 724 2229 his
744 2171 945 2229 lamina
962 2171 1281 2231 tenuissima
1303 2172 1700 2232 candidissima
1715 2192 1946 2234 constat.

469 2254 762 2338 Margines
799 2258 1447 2339 septoittn1‚porr0‚ttti
1470 2280 1641 2340 supra
1670 2259 1949 2335 vidimus,

384 2339 662 2400 foliaceo-
668 2342 843 2401 lobati
895 2359 1022 2403 sunt
1068 2344 1126 2402 in
1176 2347 1637 2419 Ammoniteis.
1679 2360 1732 2404 et
1776 2347 1951 2405 lobati

384 2441 604 2486 tanturn
632 2427 689 2485 in
718 2429 1100 2487 Goniatiteis.
1132 2431 1356 2489 Priores
1386 2452 1519 2490 vero
1547 2429 1691 2487 inter
1714 2450 1772 2488 se
1798 2432 1857 2489 in
1881 2453 1948 2490 eo

387 2512 553 2572 etiam
594 2511 895 2590 differunt,
922 2537 1055 2573 num
1081 2536 1112 2572 a
1144 2536 1199 2574 se
1223 2515 1463 2574 invicem
1508 2515 1789 2591 distincti,
1815 2538 1951 2576 num

388 2598 788 2679 approximati‚
825 2622 959 2658 num
1001 2600 1223 2659 confusi
1261 2602 1407 2659 sint:
1438 2603 1496 2659 in
1534 2600 1733 2659 mediis
1759 2601 1951 2660 lateri-

384 2682 495 2742 bus
528 2685 860 2765 plerumque
896 2685 954 2743 in
992 2686 1425 2768 longitudinem,
1463 2707 1660 2747 versus
1688 2686 1951 2745 interiora

387 2786 522 2827 vero
553 2769 612 2826 in
643 2770 997 2832 latitudinem
1042 2772 1249 2832 extensi
1288 2788 1437 2832 sunt.

474 2871 637 2953 Septa
661 2888 971 2936 transversa
989 2923 1004 2953 ⁷
1027 2892 1343 2957 praeterea,
1366 2877 1646 2936 internum
1665 2890 1951 2955 occupant

385 2969 560 3017 testae
581 2959 851 3038 spatium,
881 2961 956 3022 ita
982 2983 1145 3038 vero,
1178 2977 1242 3022 ut
1267 2984 1398 3045 pars
1421 2976 1700 3045 postrema
1719 2960 1950 3021 anfrac-
