2204 3752
564 498 853 567 PARS
932 494 1326 564 PRIMA.

742 649 1005 708 CAPUT
1051 649 1099 708 I.

416 794 508 846 DE
545 789 919 846 MOLLUSCIS
955 789 1024 842 IN
1060 788 1480 845 UNIVERSUM.

253 926 419 985 Initia
465 926 636 1007 hujus
679 925 942 1008 opusculi
982 926 1156 1006 paulo
1196 925 1364 985 altius
1412 942 1726 1009 repetamus

170 1028 224 1072 et
263 1012 506 1093 primum
546 1011 774 1095 quidem
822 1010 1149 1088 videamus,
1193 1030 1491 1094 quemnam
1539 1015 1730 1075 locum

167 1099 309 1156 inter
344 1099 653 1156 fflollusca
680 1113 901 1157 teneant
931 1096 1369 1177 Cephalopoda‚
1400 1120 1730 1180 quemnam-

167 1205 282 1265 que
323 1182 465 1242 inter
512 1183 932 1262 Cephalopoda
979 1186 1262 1242 Ammon
1290 1185 1404 1242 ites
1425 1229 1449 1255 ,
1490 1200 1554 1244 ut
1596 1184 1732 1246 inde

166 1286 472 1349 appareat,
497 1290 612 1350 quo
636 1268 803 1329 modo
846 1285 1055 1329 textum
1097 1268 1167 1329 sit
1205 1269 1363 1331 filum
1387 1314 1403 1345 ,
1442 1291 1557 1352 quo
1592 1270 1733 1332 haec

172 1355 403 1414 caeteris
453 1355 706 1418 animatis
754 1356 1085 1439 alliguntur.

249 1459 355 1518 Uti
410 1460 467 1519 in
521 1462 934 1543 vegetabilibus
995 1476 1180 1520 vastas
1236 1457 1380 1519 duas
1444 1458 1734 1539 primarias

166 1542 289 1603 illas
333 1547 534 1606 classes
575 1548 971 1623 observamus,
1012 1547 1241 1604 alteram
1298 1544 1734 1621 cotyledonibus

168 1626 431 1702 donatam
454 1676 471 1704 ,
495 1633 721 1689 alteram
750 1632 828 1689 eis
860 1631 1109 1689 orbatam
1149 1652 1161 1684 ;
1203 1629 1281 1682 ita
1318 1625 1480 1685 etiam
1519 1627 1577 1686 in
1607 1629 1737 1687 Ani-

169 1712 406 1770 malibus
444 1714 550 1770 alia
580 1712 917 1792 perfectiora
948 1710 1217 1784 existunt,
1246 1709 1458 1790 quibus
1493 1728 1736 1792 systema

168 1816 418 1869 osseum,
441 1797 690 1855 :fulcrum
725 1796 1109 1854 musculorum
1142 1793 1419 1853 internum
1447 1840 1463 1870 ,
1491 1798 1599 1856 alia
1627 1798 1737 1856 im-

167 1881 501 1962 perfectiora
526 1927 541 1958 ,
580 1880 634 1940 in
679 1880 889 1964 quibus
926 1878 1070 1939 illud
1107 1876 1495 1956 desideratur,
1545 1884 1636 1943 vel
1678 1884 1736 1944 in

170 1966 378 2045 quibus
439 1966 614 2047 ipsius
664 1982 851 2047 partes
901 1966 1130 2049 explens
1161 2009 1177 2042 ‚
1246 1964 1533 2027 invenitur
1601 1984 1738 2029 testa

168 2049 399 2132 lapidea
436 2053 526 2112 vel
564 2055 842 2111 coriacea.

259 2156 493 2217 Plantae
542 2162 625 2216 A
629 2151 1009 2235 cotyledone-s
1057 2154 1345 2237 duplicem
1388 2155 1738 2238 potissimum

170 2243 557 2305 formationem
591 2258 926 2325 sequuntur.
956 2242 1024 2300 In
1057 2241 1181 2318 illis,
1214 2262 1365 2324 quae
1392 2243 1741 2324 cotyledoni-

171 2332 279 2391 bus
293 2327 560 2410 praeditis
578 2329 813 2390 maxime
828 2327 1016 2387 aflines
1032 2345 1182 2401 sunt,
1197 2328 1278 2388 uti
1296 2329 1362 2387 F
1361 2330 1549 2404 ilices,
1564 2331 1741 2389 Mas·

176 2419 257 2488 ci,
274 2417 357 2473 H
352 2417 641 2492 aquaticae,
657 2416 738 2472 H
734 2414 1191 2493 omalloplzylla,
1215 2413 1452 2473 cellulae
1472 2413 1661 2474 adhuc
1682 2415 1741 2474 in
1783 2436 1786 2441 ’

174 2500 539 2580 expansiones
580 2499 844 2560 foliaceas
885 2500 1318 2582 conjunguntur
1359 2514 1414 2557 et
1446 2499 1580 2559 folia
1615 2498 1741 2556 dis-

175 2584 347 2643 tincte
370 2584 706 2665 plerumque
737 2584 1120 2645 efformantur.
1155 2586 1223 2643 In
1259 2583 1368 2643 illis
1400 2605 1559 2659 vero,
1594 2605 1740 2665 quae

175 2668 386 2727 minore
413 2669 772 2746 perfectionis
795 2670 979 2752 gradu
1005 2669 1258 2750 gaudent
1275 2713 1292 2744 ,
1319 2668 1405 2727 uti
1433 2668 1489 2726 in
1516 2670 1742 2728 Licha·-

177 2754 374 2828 nibu3‚
411 2754 492 2808 A
496 2753 620 2832 lgis
647 2769 702 2811 et
731 2756 1001 2833 Fungi3‚
1032 2774 1259 2832 perraro
1286 2750 1476 2811 adhuc
1504 2753 1600 2812 illa
1620 2753 1741 2813 for·-

180 2859 268 2895 ma
291 2836 528 2897 foliacea
559 2838 651 2896 vel
690 2836 956 2896 frondosa
984 2837 1340 2911 observatur,
1376 2836 1735 2909 Collemata,

136 2969 139 2972 ⁴
182 2924 247 2981 F
244 2922 520 2996 aco‘z‘dea,
572 2924 760 2983 Ulvas
801 2922 845 2982 si
890 2921 1154 3003 excipias.
1185 2959 1256 2969 --
1282 2920 1499 2982 Eodem
1534 2924 1738 2999 mod0‚

185 3006 238 3065 in
280 3006 638 3083 animalibus,
678 3028 821 3088 quae
862 3007 1132 3066 vertebris
1173 3030 1284 3067 non
1328 3006 1609 3092 gaudent,
1649 3010 1739 3066 in·-

186 3091 486 3153 veniuntnr
514 3093 660 3153 duae
680 3094 891 3154 formae
919 3117 932 3153 ;
955 3093 1082 3170 alia,
1115 3093 1323 3176 quibus
1347 3093 1592 3154 medulla
1621 3114 1738 3153 ner·

1412 3196 1436 3229 l
