2106 3665
357 463 429 538 14
1095 491 1165 517 =

342 566 592 627 dandum
633 588 746 626 non
779 566 1162 627 conformatae
1188 585 1336 628 sunt.
1369 567 1663 629 Caeterum
1708 594 1887 654 quum

345 653 597 734 corpolis
617 653 790 712 forma
811 653 977 752 plane
997 654 1290 714 conveniat
1312 676 1440 714 cum
1463 656 1696 716 cavitate
1720 670 1889 718 testae

342 755 397 798 et
423 761 597 820 quum
625 738 683 796 in
703 737 822 797 ovis
849 742 958 818 jam
984 740 1371 800 contineantur
1398 757 1565 801 testae
1589 743 1894 823 primordia

343 825 431 884 uti
467 824 782 883 observavit
821 826 1203 886 DUVERNOYUS
1232 827 1413 906 (14⁶)
1398 850 1456 885 ln
1488 828 1690 888 Museo
1723 830 1895 890 Pari-

342 911 533 983 siensi‚
556 931 666 968 non
690 909 918 991 quidem
945 912 1184 991 amplius
1221 911 1596 972 dubitandum
1620 931 1725 990 est,
1755 916 1895 999 quin

341 995 459 1077 ipse
487 995 580 1054 hic
620 996 805 1054 incola
845 1012 1013 1055 testae
1062 997 1223 1055 etiarn
1260 1015 1611 1058 constructor
1647 1001 1737 1059 sit.

424 1101 677 1160 Tandem
698 1102 1055 1182 pervenimus
1099 1101 1172 1160 ad
1207 1103 1450 1179 Sepiczs‘,
1489 1104 1805 1184 Loligines
1841 1120 1896 1163 et

346 1187 674 1265 Oetopoda7
698 1209 938 1269 quorum
962 1204 1277 1248 structurae
1298 1186 1668 1247 differentiam
1688 1189 1897 1270 optimc

341 1274 598 1353 exposuit
627 1274 930 1333 Cuvffinius
955 1277 1008 1353 (1
1026 1275 1102 1351 5).
1130 1276 1329 1352 Sepiis
1352 1294 1412 1332 os
1442 1289 1520 1332 est
1547 1275 1859 1334 calcareum
1879 1321 1894 1349 ‚

337 1358 510 1437 pinna
550 1375 715 1418 totam
749 1360 998 1440 corporis
1026 1358 1436 1455 longitudinem
1464 1361 1752 1420 emetiens:
1784 1361 1894 1418 Lo-

338 1445 633 1522 liginibus
696 1467 782 1504 ca
767 1446 969 1527 tilago
1018 1446 1192 1526 pinna
1248 1445 1621 1527 longitudinis
1676 1462 1894 1506 tantum

338 1527 553 1586 dimidii
570 1532 845 1609 corporis:
871 1531 1197 1608 Octopodis
1220 1550 1280 1589 os
1301 1531 1518 1589 nullum
1535 1532 1709 1612 pinna
1722 1532 1893 1590 nulla.

337 1613 401 1670 In
439 1616 661 1690 Sepiis,
691 1615 1193 1694 Loliginibasqae
1225 1616 1373 1674 sacci
1409 1617 1614 1676 limbus
1642 1618 1714 1675 ab
1740 1617 1895 1675 omni

335 1715 493 1780 parte
527 1700 668 1757 liber
694 1722 704 1756 :
735 1700 791 1755 in
832 1699 1159 1774 Octopodis
1191 1699 1265 1756 ad
1297 1700 1527 1759 dorsum
1562 1701 1894 1777 continuus,

336 1784 550 1865 postice
589 1784 756 1858 liber,
801 1782 899 1840 sed
940 1783 1152 1840 interne
1179 1784 1491 1842 secundum
1531 1785 1733 1843 lineam
1761 1787 1896 1844 lon-

338 1869 708 1951 gitudinalem
750 1867 1061 1933 medianam
1110 1867 1368 1927 adflatus.
1412 1869 1480 1926 In
1507 1869 1616 1928 illis
1660 1870 1897 1930 brachia

334 1976 440 2036 pro
468 1955 676 2013 ratione
701 1955 876 2012 multo
900 1953 1174 2027 breviora,
1206 1954 1498 2012 acetabula
1538 1954 1653 2012 sine
1699 1955 1897 2015 ordine

336 2039 681 2120 dispositain
711 2042 934 2119 Segnis,
974 2039 1236 2097 biseriata
1282 2038 1341 2097 in
1382 2038 1800 2121 Loliginibzcs:
1835 2041 1896 2100 in

344 2126 668 2202 Oetopoclis
696 2125 926 2184 brachia
967 2146 1203 2206 corpore
1249 2125 1536 2207 longiora,
1577 2126 1892 2186 acetabulis

331 2211 608 2270 biseriatis
647 2227 699 2269 et
738 2211 1023 2270 tentacula
1068 2211 1243 2268 nulla.
1274 2211 1341 2268 In
1380 2210 1489 2270 illis
1529 2210 1741 2269 labium
1781 2211 1891 2270 tri-

334 2299 464 2377 plex
487 2318 548 2355 os
583 2297 966 2371 circumdanS‚
994 2297 1234 2356 exterius
1272 2297 1465 2371 latum,
1502 2296 1894 2357 intermedium

336 2381 723 2442 abbreviatum
742 2428 756 2457 ‚
786 2382 1012 2441 tertium
1044 2403 1337 2442 carnosum
1365 2405 1375 2439 ε
1423 2382 1483 2440 in
1527 2382 1856 2459 Octopodis
1877 2428 1893 2455 ‚

337 2489 366 2525 e
395 2483 620 2543 contra,
656 2470 907 2548 simplex.
935 2469 999 2525 In
1023 2469 1130 2527 illis
1151 2483 1414 2548 apertura
1441 2468 1646 2526 bursae
1669 2467 1896 2527 valvula

336 2557 657 2613 musculosa
680 2552 870 2611 claudi
898 2569 1104 2633 potest:
1131 2552 1188 2610 in
1210 2553 1294 2610 his
1344 2553 1636 2610 columnae
1664 2574 1897 2632 perpen-

339 2637 619 2699 diculares
660 2640 1001 2698 musculares
1052 2654 1268 2696 tantum
1302 2636 1525 2696 adsunt.
1565 2639 1632 2695 In
1666 2637 1774 2696 illis
1802 2637 1895 2696 ani

340 2740 604 2804 apertura
629 2723 700 2783 ad
725 2745 1007 2806 quamque
1031 2744 1130 2804 pai
1136 2739 1243 2781 tem
1275 2723 1558 2789 tentaculo
1606 2722 1896 2781 foliifo1mi

336 2808 608 2869 instructa
633 2810 940 2871 invenitur:
965 2808 1270 2868 branchiae
1292 2808 1463 2867 alium
1483 2806 1735 2865 habitum
1758 2828 1895 2886 prae

409 2933 535 2997 (14)
563 2933 685 2985 Vid.
712 2934 1007 3006 Duvernoy.
1027 2933 1252 2984 Diction.
1296 2931 1348 2983 d’
1353 2929 1571 2982 Histoire
1611 2942 1778 2980 natur
1803 2943 1893 2981 art.

337 3007 668 3078 Argonauta

412 3098 524 3172 (15)
561 3101 834 3153 Memoires
861 3119 996 3171 pour
1015 3099 1171 3150 servir
1191 3120 1219 3149 a
1237 3095 1496 3149 l'Histoire
1523 3107 1572 3146 et
1610 3115 1638 3145 a
1660 3091 1892 3147 l’Anato-

338 3174 440 3227 mie
455 3173 541 3228 des
558 3172 895 3247 Mollusques.
908 3173 1063 3228 Mem
1078 3190 1166 3226 sur
1178 3170 1248 3225 les
1263 3167 1475 3243 Cephal.
1465 3187 1594 3242 ..pag
1609 3167 1676 3222 45
1693 3181 1741 3222 et
1753 3187 1893 3242 seqq·
