<?xml version="1.0" encoding="UTF-8"?>
<!DOCTYPE html PUBLIC "-//W3C//DTD XHTML 1.0 Transitional//EN"
    "http://www.w3.org/TR/xhtml1/DTD/xhtml1-transitional.dtd">
<html xmlns="http://www.w3.org/1999/xhtml" xml:lang="en" lang="en">
 <head>
  <title>
</title>
<meta http-equiv="Content-Type" content="text/html;charset=utf-8" />
  <meta name='ocr-system' content='tesseract 3.04.00' />
  <meta name='ocr-capabilities' content='ocr_page ocr_carea ocr_par ocr_line ocrx_word'/>
</head>
<body>
  <div class='ocr_page' id='page_1' title='image "./monographiaeammo00haan_0011.png"; bbox 0 0 2204 3752; ppageno 0'>
   <div class='ocr_carea' id='block_1_1' title="bbox 269 325 1825 357">
    <p class='ocr_par' dir='ltr' id='par_1_1' title="bbox 269 325 1825 357">
     <span class='ocr_line' id='line_1_1' title="bbox 269 325 1825 357; baseline 0 3395"><span class='ocrx_word' id='word_1_1' title='bbox 269 325 1825 357; x_wconf 95' lang='lat' dir='ltr'><strong> </strong></span> 
     </span>
    </p>
   </div>
   <div class='ocr_carea' id='block_1_2' title="bbox 737 581 1359 671">
    <p class='ocr_par' dir='ltr' id='par_1_2' title="bbox 737 581 1359 671">
     <span class='ocr_line' id='line_1_2' title="bbox 737 581 1359 671; baseline -0.005 0"><span class='ocrx_word' id='word_1_2' title='bbox 737 581 1246 671; x_wconf 71' lang='lat' dir='ltr'><strong>EXoRDIU</strong></span> <span class='ocrx_word' id='word_1_3' title='bbox 1266 598 1359 669; x_wconf 86' lang='lat' dir='ltr'><strong>M.</strong></span> 
     </span>
    </p>
   </div>
   <div class='ocr_carea' id='block_1_3' title="bbox 260 929 1836 1957">
    <p class='ocr_par' dir='ltr' id='par_1_3' title="bbox 260 929 1833 1957">
     <span class='ocr_line' id='line_1_3' title="bbox 347 929 1825 1010; baseline -0.003 -16"><span class='ocrx_word' id='word_1_4' title='bbox 347 935 459 994; x_wconf 91' lang='lat' dir='ltr'><strong>Per</strong></span> <span class='ocrx_word' id='word_1_5' title='bbox 493 933 816 1010; x_wconf 86' lang='lat' dir='ltr'><strong>biennium,</strong></span> <span class='ocrx_word' id='word_1_6' title='bbox 856 932 1193 993; x_wconf 80' lang='lat' dir='ltr'>animalibus</span> <span class='ocrx_word' id='word_1_7' title='bbox 1217 929 1621 992; x_wconf 87' lang='lat' dir='ltr'><strong>Invertebratis</strong></span> <span class='ocrx_word' id='word_1_8' title='bbox 1657 930 1825 991; x_wconf 84' lang='lat' dir='ltr'><strong>ordi-</strong></span> 
     </span>
     <span class='ocr_line' id='line_1_4' title="bbox 262 1017 1827 1105; baseline -0.003 -23"><span class='ocrx_word' id='word_1_9' title='bbox 262 1021 464 1082; x_wconf 82' lang='lat' dir='ltr'><strong>nandis</strong></span> <span class='ocrx_word' id='word_1_10' title='bbox 505 1022 562 1081; x_wconf 91' lang='lat' dir='ltr'><strong>in</strong></span> <span class='ocrx_word' id='word_1_11' title='bbox 610 1021 810 1082; x_wconf 89' lang='lat' dir='ltr'><strong>Museo</strong></span> <span class='ocrx_word' id='word_1_12' title='bbox 843 1020 1027 1104; x_wconf 85' lang='lat' dir='ltr'><strong>Regio</strong></span> <span class='ocrx_word' id='word_1_13' title='bbox 1076 1018 1471 1105; x_wconf 73' lang='lat' dir='ltr'><strong>praepositus,</strong></span> <span class='ocrx_word' id='word_1_14' title='bbox 1516 1017 1575 1076; x_wconf 90' lang='lat' dir='ltr'><strong>in</strong></span> <span class='ocrx_word' id='word_1_15' title='bbox 1633 1018 1827 1101; x_wconf 86' lang='lat' dir='ltr'><strong>primis</strong></span> 
     </span>
     <span class='ocr_line' id='line_1_5' title="bbox 262 1067 1831 1190; baseline -0.004 -22"><span class='ocrx_word' id='word_1_16' title='bbox 262 1108 433 1168; x_wconf 89' lang='lat' dir='ltr'><strong>initiis</strong></span> <span class='ocrx_word' id='word_1_17' title='bbox 478 1107 680 1168; x_wconf 90' lang='lat' dir='ltr'><strong>rudem</strong></span> <span class='ocrx_word' id='word_1_18' title='bbox 744 1102 1198 1190; x_wconf 84' lang='lat' dir='ltr'><strong>indigestamque</strong></span> <span class='ocrx_word' id='word_1_19' title='bbox 1269 1067 1471 1166; x_wconf 85' lang='lat' dir='ltr'><strong>moleni</strong></span> <span class='ocrx_word' id='word_1_20' title='bbox 1520 1103 1714 1165; x_wconf 83' lang='lat' dir='ltr'><strong>inveni</strong></span> <span class='ocrx_word' id='word_1_21' title='bbox 1770 1127 1831 1162; x_wconf 76' lang='lat' dir='ltr'><strong>in</strong></span> 
     </span>
     <span class='ocr_line' id='line_1_6' title="bbox 263 1193 1830 1290; baseline -0.002 -38"><span class='ocrx_word' id='word_1_22' title='bbox 263 1194 793 1277; x_wconf 89' lang='lat' dir='ltr'><strong>Cephalopodorum</strong></span> <span class='ocrx_word' id='word_1_23' title='bbox 817 1193 1202 1290; x_wconf 81' lang='lat' dir='ltr'><strong>dispositione,</strong></span> <span class='ocrx_word' id='word_1_24' title='bbox 1217 1208 1451 1274; x_wconf 89' lang='lat' dir='ltr'><strong>propter</strong></span> <span class='ocrx_word' id='word_1_25' title='bbox 1473 1213 1658 1250; x_wconf 88' lang='lat' dir='ltr'><strong>rerum</strong></span> <span class='ocrx_word' id='word_1_26' title='bbox 1682 1211 1830 1250; x_wconf 90' lang='lat' dir='ltr'><strong>con-</strong></span> 
     </span>
     <span class='ocr_line' id='line_1_7' title="bbox 261 1277 1832 1363; baseline -0.003 -24"><span class='ocrx_word' id='word_1_27' title='bbox 261 1281 587 1352; x_wconf 84' lang='lat' dir='ltr'><strong>fusionem,</strong></span> <span class='ocrx_word' id='word_1_28' title='bbox 631 1302 779 1363; x_wconf 89' lang='lat' dir='ltr'><strong>quae</strong></span> <span class='ocrx_word' id='word_1_29' title='bbox 823 1304 880 1338; x_wconf 91' lang='lat' dir='ltr'><strong>1n</strong></span> <span class='ocrx_word' id='word_1_30' title='bbox 924 1295 1221 1340; x_wconf 85' lang='lat' dir='ltr'><strong>auctorum</strong></span> <span class='ocrx_word' id='word_1_31' title='bbox 1265 1278 1336 1338; x_wconf 91' lang='lat' dir='ltr'><strong>de</strong></span> <span class='ocrx_word' id='word_1_32' title='bbox 1383 1278 1493 1336; x_wconf 89' lang='lat' dir='ltr'><strong>illis</strong></span> <span class='ocrx_word' id='word_1_33' title='bbox 1535 1277 1832 1360; x_wconf 84' lang='lat' dir='ltr'><strong>agentium</strong></span> 
     </span>
     <span class='ocr_line' id='line_1_8' title="bbox 261 1362 1831 1448; baseline -0.004 -22"><span class='ocrx_word' id='word_1_34' title='bbox 261 1368 483 1448; x_wconf 88' lang='lat' dir='ltr'><strong>scriptis</strong></span> <span class='ocrx_word' id='word_1_35' title='bbox 538 1367 885 1426; x_wconf 88' lang='lat' dir='ltr'><strong>observatur.</strong></span> <span class='ocrx_word' id='word_1_36' title='bbox 938 1367 1023 1426; x_wconf 93' lang='lat' dir='ltr'><strong>Ut</strong></span> <span class='ocrx_word' id='word_1_37' title='bbox 1075 1365 1254 1447; x_wconf 89' lang='lat' dir='ltr'><strong>igitur</strong></span> <span class='ocrx_word' id='word_1_38' title='bbox 1308 1385 1440 1423; x_wconf 92' lang='lat' dir='ltr'><strong>cum</strong></span> <span class='ocrx_word' id='word_1_39' title='bbox 1488 1364 1585 1423; x_wconf 93' lang='lat' dir='ltr'><strong>illo</strong></span> <span class='ocrx_word' id='word_1_40' title='bbox 1636 1362 1831 1423; x_wconf 88' lang='lat' dir='ltr'><strong>labore</strong></span> 
     </span>
     <span class='ocr_line' id='line_1_9' title="bbox 261 1450 1836 1542; baseline -0.001 -32"><span class='ocrx_word' id='word_1_41' title='bbox 261 1452 446 1514; x_wconf 88' lang='lat' dir='ltr'><strong>Musei</strong></span> <span class='ocrx_word' id='word_1_42' title='bbox 498 1451 802 1511; x_wconf 87' lang='lat' dir='ltr'><strong>ordinandi</strong></span> <span class='ocrx_word' id='word_1_43' title='bbox 861 1451 1028 1510; x_wconf 90' lang='lat' dir='ltr'><strong>simul</strong></span> <span class='ocrx_word' id='word_1_44' title='bbox 1082 1450 1347 1511; x_wconf 85' lang='lat' dir='ltr'><strong>scientiae</strong></span> <span class='ocrx_word' id='word_1_45' title='bbox 1400 1451 1836 1542; x_wconf 80' lang='lat' dir='ltr'><strong>qualescunque</strong></span> 
     </span>
     <span class='ocr_line' id='line_1_10' title="bbox 261 1530 1830 1621; baseline -0.003 -25"><span class='ocrx_word' id='word_1_46' title='bbox 261 1560 597 1621; x_wconf 82' lang='lat' dir='ltr'><strong>progressus</strong></span> <span class='ocrx_word' id='word_1_47' title='bbox 640 1539 1120 1619; x_wconf 83' lang='lat' dir='ltr'><strong>conjungeremus</strong></span> <span class='ocrx_word' id='word_1_48' title='bbox 1148 1535 1222 1594; x_wconf 89' lang='lat' dir='ltr'><strong>ab</strong></span> <span class='ocrx_word' id='word_1_49' title='bbox 1263 1556 1323 1590; x_wconf 87' lang='lat' dir='ltr'><strong>re</strong></span> <span class='ocrx_word' id='word_1_50' title='bbox 1351 1553 1463 1590; x_wconf 91' lang='lat' dir='ltr'><strong>non</strong></span> <span class='ocrx_word' id='word_1_51' title='bbox 1501 1530 1830 1611; x_wconf 86' lang='lat' dir='ltr'><strong>videbatur,</strong></span> 
     </span>
     <span class='ocr_line' id='line_1_11' title="bbox 261 1617 1830 1713; baseline -0.001 -33"><span class='ocrx_word' id='word_1_52' title='bbox 261 1622 539 1707; x_wconf 82' lang='lat' dir='ltr'><strong>quaedam</strong></span> <span class='ocrx_word' id='word_1_53' title='bbox 584 1623 655 1679; x_wconf 92' lang='lat' dir='ltr'><strong>de</strong></span> <span class='ocrx_word' id='word_1_54' title='bbox 698 1623 784 1677; x_wconf 89' lang='lat' dir='ltr'><strong>his</strong></span> <span class='ocrx_word' id='word_1_55' title='bbox 832 1638 1171 1713; x_wconf 75' lang='lat' dir='ltr'><strong>componere</strong></span> <span class='ocrx_word' id='word_1_56' title='bbox 1212 1664 1227 1692; x_wconf 81' lang='grc'>,</span> <span class='ocrx_word' id='word_1_57' title='bbox 1289 1633 1353 1676; x_wconf 89' lang='lat' dir='ltr'><strong>ut</strong></span> <span class='ocrx_word' id='word_1_58' title='bbox 1408 1617 1505 1675; x_wconf 87' lang='lat' dir='ltr'><strong>illa</strong></span> <span class='ocrx_word' id='word_1_59' title='bbox 1566 1617 1830 1678; x_wconf 89' lang='lat' dir='ltr'><strong>certiori-</strong></span> 
     </span>
     <span class='ocr_line' id='line_1_12' title="bbox 261 1701 1833 1785; baseline -0.001 -20"><span class='ocrx_word' id='word_1_60' title='bbox 261 1703 371 1766; x_wconf 89' lang='lat' dir='ltr'><strong>bus</strong></span> <span class='ocrx_word' id='word_1_61' title='bbox 398 1705 672 1764; x_wconf 89' lang='lat' dir='ltr'><strong>limitibus</strong></span> <span class='ocrx_word' id='word_1_62' title='bbox 705 1704 819 1763; x_wconf 89' lang='lat' dir='ltr'><strong>suis</strong></span> <span class='ocrx_word' id='word_1_63' title='bbox 862 1703 919 1760; x_wconf 91' lang='lat' dir='ltr'><strong>in</strong></span> <span class='ocrx_word' id='word_1_64' title='bbox 950 1701 1257 1785; x_wconf 86' lang='lat' dir='ltr'><strong>generibus</strong></span> <span class='ocrx_word' id='word_1_65' title='bbox 1289 1701 1833 1765; x_wconf 89' lang='lat' dir='ltr'><strong>circumscriberen-</strong></span> 
     </span>
     <span class='ocr_line' id='line_1_13' title="bbox 261 1788 1833 1875; baseline 0.001 -25"><span class='ocrx_word' id='word_1_66' title='bbox 261 1809 398 1865; x_wconf 88' lang='lat' dir='ltr'><strong>tur,</strong></span> <span class='ocrx_word' id='word_1_67' title='bbox 434 1807 498 1850; x_wconf 91' lang='lat' dir='ltr'><strong>ut</strong></span> <span class='ocrx_word' id='word_1_68' title='bbox 545 1811 753 1875; x_wconf 84' lang='lat' dir='ltr'><strong>genera</strong></span> <span class='ocrx_word' id='word_1_69' title='bbox 792 1789 1017 1848; x_wconf 88' lang='lat' dir='ltr'><strong>meliore</strong></span> <span class='ocrx_word' id='word_1_70' title='bbox 1061 1788 1250 1852; x_wconf 85' lang='lat' dir='ltr'><strong>forsan</strong></span> <span class='ocrx_word' id='word_1_71' title='bbox 1297 1788 1512 1848; x_wconf 89' lang='lat' dir='ltr'><strong>ratione</strong></span> <span class='ocrx_word' id='word_1_72' title='bbox 1558 1790 1833 1872; x_wconf 83' lang='lat' dir='ltr'><strong>dispone-</strong></span> 
     </span>
     <span class='ocr_line' id='line_1_14' title="bbox 260 1875 1828 1957; baseline -0.003 -16"><span class='ocrx_word' id='word_1_73' title='bbox 260 1895 456 1941; x_wconf 81' lang='lat' dir='ltr'><strong>rentur</strong></span> <span class='ocrx_word' id='word_1_74' title='bbox 483 1925 499 1956; x_wconf 76' lang='lat'>‚</span> <span class='ocrx_word' id='word_1_75' title='bbox 521 1893 641 1936; x_wconf 85' lang='lat' dir='ltr'><strong>tum</strong></span> <span class='ocrx_word' id='word_1_76' title='bbox 673 1875 922 1956; x_wconf 83' lang='lat' dir='ltr'><strong>denique</strong></span> <span class='ocrx_word' id='word_1_77' title='bbox 958 1889 1021 1933; x_wconf 89' lang='lat' dir='ltr'><strong>ut</strong></span> <span class='ocrx_word' id='word_1_78' title='bbox 1046 1894 1366 1957; x_wconf 82' lang='lat' dir='ltr'><strong>synonyma</strong></span> <span class='ocrx_word' id='word_1_79' title='bbox 1396 1876 1828 1937; x_wconf 81' lang='lat' dir='ltr'><strong>extricarentur.</strong></span> 
     </span>
    </p>
   </div>
   <div class='ocr_carea' id='block_1_4' title="bbox 259 1980 1838 3027">
    <p class='ocr_par' dir='ltr' id='par_1_4' title="bbox 259 1980 1833 2580">
     <span class='ocr_line' id='line_1_15' title="bbox 344 1980 1831 2042; baseline 0.001 -1"><span class='ocrx_word' id='word_1_80' title='bbox 344 1982 554 2042; x_wconf 87' lang='lat' dir='ltr'><strong>Mirum</strong></span> <span class='ocrx_word' id='word_1_81' title='bbox 598 1982 741 2042; x_wconf 83' lang='lat' dir='ltr'><strong>forte</strong></span> <span class='ocrx_word' id='word_1_82' title='bbox 783 1980 1009 2041; x_wconf 86' lang='lat' dir='ltr'><strong>cuidam</strong></span> <span class='ocrx_word' id='word_1_83' title='bbox 1060 1980 1348 2040; x_wconf 89' lang='lat' dir='ltr'><strong>videbitur</strong></span> <span class='ocrx_word' id='word_1_84' title='bbox 1391 1981 1448 2039; x_wconf 91' lang='lat' dir='ltr'><strong>in</strong></span> <span class='ocrx_word' id='word_1_85' title='bbox 1498 1999 1684 2042; x_wconf 89' lang='lat' dir='ltr'><strong>nostra</strong></span> <span class='ocrx_word' id='word_1_86' title='bbox 1730 2006 1831 2042; x_wconf 83' lang='lat' dir='ltr'><strong>re-</strong></span> 
     </span>
     <span class='ocr_line' id='line_1_16' title="bbox 261 2067 1833 2154; baseline 0.001 -27"><span class='ocrx_word' id='word_1_87' title='bbox 261 2068 463 2154; x_wconf 87' lang='lat' dir='ltr'><strong>gione,</strong></span> <span class='ocrx_word' id='word_1_88' title='bbox 525 2069 582 2127; x_wconf 92' lang='lat' dir='ltr'><strong>in</strong></span> <span class='ocrx_word' id='word_1_89' title='bbox 645 2090 760 2149; x_wconf 86' lang='lat' dir='ltr'><strong>qua</strong></span> <span class='ocrx_word' id='word_1_90' title='bbox 823 2067 978 2127; x_wconf 89' lang='lat' dir='ltr'><strong>nulla</strong></span> <span class='ocrx_word' id='word_1_91' title='bbox 1042 2067 1406 2127; x_wconf 86' lang='lat' dir='ltr'><strong>inveniuntur</strong></span> <span class='ocrx_word' id='word_1_92' title='bbox 1475 2068 1686 2128; x_wconf 89' lang='lat' dir='ltr'><strong>fossilia</strong></span> <span class='ocrx_word' id='word_1_93' title='bbox 1759 2068 1833 2128; x_wconf 85' lang='lat' dir='ltr'><strong>de</strong></span> 
     </span>
     <span class='ocr_line' id='line_1_17' title="bbox 259 2154 1832 2237; baseline -0.001 -24"><span class='ocrx_word' id='word_1_94' title='bbox 259 2154 593 2214; x_wconf 85' lang='lat' dir='ltr'><strong>Ammonitis</strong></span> <span class='ocrx_word' id='word_1_95' title='bbox 652 2154 823 2213; x_wconf 86' lang='lat' dir='ltr'><strong>scribi</strong></span> <span class='ocrx_word' id='word_1_96' title='bbox 864 2170 895 2212; x_wconf 78' lang='grc'><strong>·;</strong></span> <span class='ocrx_word' id='word_1_97' title='bbox 961 2176 1141 2237; x_wconf 90' lang='lat' dir='ltr'><strong>quum</strong></span> <span class='ocrx_word' id='word_1_98' title='bbox 1195 2174 1331 2212; x_wconf 89' lang='lat' dir='ltr'><strong>vero</strong></span> <span class='ocrx_word' id='word_1_99' title='bbox 1398 2154 1634 2213; x_wconf 87' lang='lat' dir='ltr'><strong>maxima</strong></span> <span class='ocrx_word' id='word_1_100' title='bbox 1700 2176 1832 2235; x_wconf 87' lang='lat' dir='ltr'><strong>pars</strong></span> 
     </span>
     <span class='ocr_line' id='line_1_18' title="bbox 259 2238 1832 2322; baseline -0.001 -22"><span class='ocrx_word' id='word_1_101' title='bbox 259 2258 519 2300; x_wconf 87' lang='lat' dir='ltr'><strong>notarum</strong></span> <span class='ocrx_word' id='word_1_102' title='bbox 560 2241 876 2321; x_wconf 86' lang='lat' dir='ltr'><strong>specierum</strong></span> <span class='ocrx_word' id='word_1_103' title='bbox 930 2257 985 2300; x_wconf 89' lang='lat' dir='ltr'><strong>et</strong></span> <span class='ocrx_word' id='word_1_104' title='bbox 1023 2261 1259 2322; x_wconf 90' lang='lat' dir='ltr'><strong>operum</strong></span> <span class='ocrx_word' id='word_1_105' title='bbox 1298 2238 1369 2298; x_wconf 89' lang='lat' dir='ltr'><strong>de</strong></span> <span class='ocrx_word' id='word_1_106' title='bbox 1405 2239 1490 2298; x_wconf 87' lang='lat' dir='ltr'><strong>his</strong></span> <span class='ocrx_word' id='word_1_107' title='bbox 1534 2241 1832 2321; x_wconf 88' lang='lat' dir='ltr'><strong>conscrip-</strong></span> 
     </span>
     <span class='ocr_line' id='line_1_19' title="bbox 260 2325 1830 2406; baseline -0.001 -21"><span class='ocrx_word' id='word_1_108' title='bbox 260 2343 448 2386; x_wconf 88' lang='lat' dir='ltr'><strong>torum</strong></span> <span class='ocrx_word' id='word_1_109' title='bbox 486 2325 560 2385; x_wconf 89' lang='lat' dir='ltr'><strong>ad</strong></span> <span class='ocrx_word' id='word_1_110' title='bbox 600 2348 796 2386; x_wconf 87' lang='lat' dir='ltr'><strong>manus</strong></span> <span class='ocrx_word' id='word_1_111' title='bbox 829 2341 1003 2402; x_wconf 81' lang='lat' dir='ltr'><strong>esset,</strong></span> <span class='ocrx_word' id='word_1_112' title='bbox 1035 2325 1319 2386; x_wconf 90' lang='lat' dir='ltr'><strong>credimus</strong></span> <span class='ocrx_word' id='word_1_113' title='bbox 1353 2347 1532 2406; x_wconf 91' lang='lat' dir='ltr'><strong>aeque</strong></span> <span class='ocrx_word' id='word_1_114' title='bbox 1562 2327 1705 2384; x_wconf 89' lang='lat' dir='ltr'><strong>bene</strong></span> <span class='ocrx_word' id='word_1_115' title='bbox 1735 2325 1830 2383; x_wconf 77' lang='lat' dir='ltr'><strong>hic</strong></span> 
     </span>
     <span class='ocr_line' id='line_1_20' title="bbox 260 2412 1831 2494; baseline 0.001 -25"><span class='ocrx_word' id='word_1_116' title='bbox 260 2412 481 2494; x_wconf 90' lang='lat' dir='ltr'><strong>aliquid</strong></span> <span class='ocrx_word' id='word_1_117' title='bbox 533 2412 604 2471; x_wconf 92' lang='lat' dir='ltr'><strong>de</strong></span> <span class='ocrx_word' id='word_1_118' title='bbox 646 2413 755 2471; x_wconf 88' lang='lat' dir='ltr'><strong>illis</strong></span> <span class='ocrx_word' id='word_1_119' title='bbox 823 2412 1086 2494; x_wconf 89' lang='lat' dir='ltr'><strong>componi</strong></span> <span class='ocrx_word' id='word_1_120' title='bbox 1139 2433 1301 2493; x_wconf 90' lang='lat' dir='ltr'><strong>posse</strong></span> <span class='ocrx_word' id='word_1_121' title='bbox 1327 2457 1343 2487; x_wconf 85' lang='grc'>,</span> <span class='ocrx_word' id='word_1_122' title='bbox 1404 2433 1470 2470; x_wconf 86' lang='lat' dir='ltr'><strong>ac</strong></span> <span class='ocrx_word' id='word_1_123' title='bbox 1518 2412 1577 2469; x_wconf 90' lang='lat' dir='ltr'><strong>in</strong></span> <span class='ocrx_word' id='word_1_124' title='bbox 1625 2412 1831 2491; x_wconf 84' lang='lat' dir='ltr'><strong>quavis</strong></span> 
     </span>
     <span class='ocr_line' id='line_1_21' title="bbox 262 2497 1308 2580; baseline -0.003 -24"><span class='ocrx_word' id='word_1_125' title='bbox 262 2497 372 2556; x_wconf 89' lang='lat' dir='ltr'><strong>alia</strong></span> <span class='ocrx_word' id='word_1_126' title='bbox 416 2497 649 2580; x_wconf 82' lang='lat' dir='ltr'><strong>regione</strong></span> <span class='ocrx_word' id='word_1_127' title='bbox 696 2497 974 2558; x_wconf 89' lang='lat' dir='ltr'><strong>fossilium</strong></span> <span class='ocrx_word' id='word_1_128' title='bbox 1017 2497 1308 2557; x_wconf 84' lang='lat' dir='ltr'><strong>ditissima.</strong></span> 
     </span>
    </p>

    <p class='ocr_par' dir='ltr' id='par_1_5' title="bbox 261 2601 1838 3027">
     <span class='ocr_line' id='line_1_22' title="bbox 346 2601 1835 2683; baseline 0.001 -25"><span class='ocrx_word' id='word_1_129' title='bbox 346 2602 666 2683; x_wconf 86' lang='lat' dir='ltr'><strong>Antequam</strong></span> <span class='ocrx_word' id='word_1_130' title='bbox 716 2603 883 2660; x_wconf 87' lang='lat' dir='ltr'><strong>finem</strong></span> <span class='ocrx_word' id='word_1_131' title='bbox 937 2602 1022 2660; x_wconf 89' lang='lat' dir='ltr'><strong>his</strong></span> <span class='ocrx_word' id='word_1_132' title='bbox 1082 2601 1424 2681; x_wconf 87' lang='lat' dir='ltr'><strong>imponimus</strong></span> <span class='ocrx_word' id='word_1_133' title='bbox 1470 2645 1487 2671; x_wconf 88' lang='lat'>‚</span> <span class='ocrx_word' id='word_1_134' title='bbox 1560 2601 1835 2660; x_wconf 84' lang='lat' dir='ltr'><strong>maximas</strong></span> 
     </span>
     <span class='ocr_line' id='line_1_23' title="bbox 261 2684 1831 2769; baseline 0.002 -26"><span class='ocrx_word' id='word_1_135' title='bbox 261 2707 349 2743; x_wconf 91' lang='lat' dir='ltr'><strong>me</strong></span> <span class='ocrx_word' id='word_1_136' title='bbox 389 2686 703 2768; x_wconf 87' lang='lat' dir='ltr'><strong>adjungere</strong></span> <span class='ocrx_word' id='word_1_137' title='bbox 745 2688 953 2769; x_wconf 84' lang='lat' dir='ltr'><strong>gratias</strong></span> <span class='ocrx_word' id='word_1_138' title='bbox 980 2703 1242 2767; x_wconf 86' lang='lat' dir='ltr'><strong>oportet,</strong></span> <span class='ocrx_word' id='word_1_139' title='bbox 1274 2707 1417 2767; x_wconf 89' lang='lat' dir='ltr'><strong>quas</strong></span> <span class='ocrx_word' id='word_1_140' title='bbox 1439 2684 1573 2744; x_wconf 91' lang='lat' dir='ltr'><strong>Tibi</strong></span> <span class='ocrx_word' id='word_1_141' title='bbox 1605 2684 1788 2746; x_wconf 92' lang='lat' dir='ltr'><strong>debeo</strong></span> <span class='ocrx_word' id='word_1_142' title='bbox 1814 2732 1831 2764; x_wconf 84' lang='lat'>‚</span> 
     </span>
     <span class='ocr_line' id='line_1_24' title="bbox 264 2771 1838 2855; baseline 0.001 -26"><span class='ocrx_word' id='word_1_143' title='bbox 264 2771 639 2831; x_wconf 89' lang='lat' dir='ltr'><strong>Celeberrime</strong></span> <span class='ocrx_word' id='word_1_144' title='bbox 662 2772 1028 2848; x_wconf 70' lang='lat' dir='ltr'><strong>Tnmmmciffl,</strong></span> <span class='ocrx_word' id='word_1_145' title='bbox 1053 2772 1152 2854; x_wconf 89' lang='lat' dir='ltr'><strong>qui</strong></span> <span class='ocrx_word' id='word_1_146' title='bbox 1176 2772 1323 2830; x_wconf 88' lang='lat' dir='ltr'><strong>inter</strong></span> <span class='ocrx_word' id='word_1_147' title='bbox 1349 2772 1641 2855; x_wconf 91' lang='lat' dir='ltr'><strong>Zoologos</strong></span> <span class='ocrx_word' id='word_1_148' title='bbox 1665 2772 1838 2854; x_wconf 88' lang='lat' dir='ltr'><strong>hujus</strong></span> 
     </span>
     <span class='ocr_line' id='line_1_25' title="bbox 263 2857 1836 2940; baseline 0.001 -25"><span class='ocrx_word' id='word_1_149' title='bbox 263 2857 385 2915; x_wconf 87' lang='lat' dir='ltr'><strong>aevi</strong></span> <span class='ocrx_word' id='word_1_150' title='bbox 429 2875 582 2918; x_wconf 86' lang='lat' dir='ltr'><strong>certo</strong></span> <span class='ocrx_word' id='word_1_151' title='bbox 622 2859 829 2939; x_wconf 89' lang='lat' dir='ltr'><strong>primas</strong></span> <span class='ocrx_word' id='word_1_152' title='bbox 866 2873 1052 2938; x_wconf 88' lang='lat' dir='ltr'><strong>partes</strong></span> <span class='ocrx_word' id='word_1_153' title='bbox 1088 2876 1243 2918; x_wconf 88' lang='lat' dir='ltr'><strong>tenes</strong></span> <span class='ocrx_word' id='word_1_154' title='bbox 1267 2903 1283 2932; x_wconf 86' lang='lat'>‚</span> <span class='ocrx_word' id='word_1_155' title='bbox 1352 2857 1452 2940; x_wconf 89' lang='lat' dir='ltr'><strong>qui</strong></span> <span class='ocrx_word' id='word_1_156' title='bbox 1481 2875 1534 2916; x_wconf 89' lang='lat' dir='ltr'><strong>et</strong></span> <span class='ocrx_word' id='word_1_157' title='bbox 1554 2859 1836 2917; x_wconf 89' lang='lat' dir='ltr'><strong>Mamma-</strong></span> 
     </span>
     <span class='ocr_line' id='line_1_26' title="bbox 261 2940 1836 3027; baseline 0.001 -26"><span class='ocrx_word' id='word_1_158' title='bbox 261 2943 470 3025; x_wconf 80' lang='lat' dir='ltr'><strong>lOgiam</strong></span> <span class='ocrx_word' id='word_1_159' title='bbox 538 2961 590 3004; x_wconf 89' lang='lat' dir='ltr'><strong>et</strong></span> <span class='ocrx_word' id='word_1_160' title='bbox 657 2940 1107 3027; x_wconf 83' lang='lat' dir='ltr'><strong>Ornithologiam</strong></span> <span class='ocrx_word' id='word_1_161' title='bbox 1169 2960 1249 3004; x_wconf 85' lang='lat' dir='ltr'><strong>tot</strong></span> <span class='ocrx_word' id='word_1_162' title='bbox 1355 2942 1836 3025; x_wconf 83' lang='lat' dir='ltr'><strong>praestantissimis</strong></span> 
     </span>
    </p>
   </div>
  </div>
 </body>
</html>
