2106 3665
903 418 996 445 >··—-
1654 386 1725 463 41

189 521 269 558 nn
288 497 432 558 illud
445 497 836 581 accipiendum
862 494 1163 555 credimus.
1194 492 1438 551 Videtur
1456 493 1738 569 1οήτήγο-

191 588 497 645 sarcolites
519 589 895 644 DESMARESTH
917 581 1077 640 etiam
1105 579 1215 638 huc
1241 579 1541 660 pertinere,
1563 599 1740 657 quum

190 671 264 729 ab
321 674 429 729 una
471 689 628 753 parte
672 668 1091 729 undulationem
1146 666 1203 724 in
1255 664 1741 723 articulationibus

191 757 486 831 ostendat,
518 779 664 839 quae
700 771 977 815 caeterum
1020 755 1273 835 integrae
1317 767 1446 811 sunt
1489 772 1500 806 :
1541 749 1743 807 format

188 841 367 922 igitur
390 888 404 910 ,
434 865 518 900 me
551 841 744 925 judice
764 887 779 914 ‚
807 840 1099 900 transitum
1136 839 1209 898 ad
1257 837 1741 896 OrthocercztiteS.

189 927 407 986 Nomen
458 929 756 987 Tit-aniles·
798 928 1131 1010 rejecimus,
1172 925 1307 1007 quia
1346 923 1615 1003 ineptum.

272 1033 610 1092 Rhabdites
650 1055 718 1092 ex
751 1031 937 1113 ῥάβδος
976 1034 1227 1093 baculas
1268 1045 1324 1089 et
1359 1027 1745 1088 terminatione

188 1144 308 1182 ΙΤΞζ.

678 1242 750 1304 Χ.
800 1245 1088 1303 Discite&
1133 1241 1205 1301 N.

264 1327 410 1381 Testa
452 1340 673 1400 septata,
707 1330 859 1402 septis
892 1328 1250 1397 integerrimiS,
1282 1323 1484 1397 spiralis
1515 1341 1527 1377 z
1556 1322 1751 1376 anfrac-

190 1400 329 1455 tibus
356 1422 464 1478 nlon
501 1401 749 1456 involutis
769 1444 786 1473 ‚
825 1405 1015 1456 sensim
1061 1402 1363 1454 incrassatis.

276 1501 598 1599 Analogum
657 1518 960 1575 PlaniteS.
1017 1517 1207 1593 Hujus
1262 1515 1485 1598 generis
1535 1515 1749 1596 species

194 1601 560 1662 inveniuntur
583 1603 640 1660 in
672 1601 889 1661 Schisto
920 1618 972 1660 et
1010 1601 1407 1660 Lithanthrace
1430 1647 1445 1676 ,
1472 1602 1665 1683 quales
1694 1602 1754 1661 in

197 1687 397 1746 Museo
445 1687 687 1760 adsunt,
739 1709 888 1768 quae
946 1687 1202 1766 quamvis
1241 1686 1594 1747 latitudinem
1650 1688 1756 1746 ha-

131 1791 135 1800 *
196 1773 367 1845 beant⁴
385 1772 626 1832 duorum
647 1773 738 1832 vel
761 1772 926 1830 trium
940 1772 1234 1853 pollicum,
1257 1772 1558 1833 crassitiem
1578 1773 1756 1833 lineae

197 1879 309 1919 non
352 1857 649 1918 excedunt.

283 1985 561 2044 Discites
587 2005 653 2042 ex
680 1985 916 2042 Discus
942 1999 997 2042 et
1031 1984 1245 2043 termin.
1284 1988 1417 2043 ibes,

642 2107 747 2168 XI.
799 2108 1146 2186 Omphalia.
1194 2108 1268 2167 N.

274 2195 419 2247 Testa
445 2207 661 2265 septata,
689 2193 841 2266 septis
869 2193 1207 2262 integerrimis
1224 2234 1239 2262 ,
1279 2193 1478 2265 spiralis
1509 2213 1520 2249 :
1549 2194 1759 2246 anfrac-

207 2268 345 2321 tibus
377 2270 566 2340 partim
597 2267 843 2341 involutis
859 2307 879 2331 ,
906 2282 1113 2340 repente
1140 2268 1439 2322 incrassatis.

280 2385 614 2437 Ammonites
648 2383 841 2437 Montf.
872 2414 936 2423 —
966 2385 1228 2445 Nautilus
1252 2386 1394 2437 Lam.

294 2498 501 2558 Differt
557 2500 666 2561 hoc
728 2521 909 2582 genus
964 2523 996 2560 a
1043 2501 1323 2560 Nautilis
1350 2546 1373 2572 ,
1419 2499 1763 2581 quibuscum

214 2582 357 2642 illud
385 2585 678 2666 conjunxit
721 2587 1092 2645 LAMARcKan
1112 2633 1127 2662 ,
1155 2586 1321 2644 sicuti
1360 2590 1445 2643 A
1447 2588 1763 2642 mmonites

213 2691 249 2728 a
293 2669 532 2727 Globite
573 2670 647 2726 N.
692 2670 877 2749 Ipsius
910 2687 1083 2751 typus
1125 2686 1204 2728 est
1249 2672 1544 2728 Nautilas
1570 2672 1767 2728 umbi-

216 2757 453 2813 licatas,
502 2756 903 2814 ,Ammonitas
942 2777 1073 2814 suos
1107 2755 1247 2814 falso
1275 2777 1306 2812 a
1342 2756 1618 2814 Nautilis
1641 2755 1766 2816 dis-

208 2840 482 2923 tinguens
521 2841 934 2900 MONTFORTIUS
952 2887 967 2917 ‚
991 2842 1141 2922 spira
1162 2841 1508 2902 anfractibus
1535 2843 1767 2924 conspi—

220 2927 341 2985 cuis
375 2971 390 3002 ‚
457 2926 513 2984 in
558 2926 663 2984 hac
728 2929 862 2986 testa
918 2949 1212 3010 perperam
1265 2929 1562 3014 analogam
1624 2929 1766 2992 vidit

219 3014 525 3074 Ammoni
530 3023 732 3072 taram.
