2106 3665
111 491 306 549 oculos
345 490 544 551 habuit
585 506 722 550 tunc
762 488 1068 564 concham,
1120 487 1180 546 in
1222 489 1338 571 qu&
1382 505 1519 550 testa
1565 514 1665 552 ex·-

108 590 263 633 terna
301 577 487 635 adhuc
529 579 747 660 integra
771 592 888 634 erat
913 620 926 644 ,
953 590 1006 632 et
1026 576 1140 654 qu&
1166 596 1303 657 ergo
1326 590 1553 633 suturae
1578 577 1658 636 fo-

110 660 320 721 liaceae
339 664 590 721 obtectae
625 663 864 720 fuerant.
901 660 1130 719 Rectius
1158 681 1294 721 vero
1324 660 1431 719 hoc
1459 682 1661 722 nomen

110 762 302 825 postea
332 747 643 806 immutavit
696 746 754 804 in
790 747 1148 804 Planaliten
1171 790 1186 820 ,
1239 746 1374 827 quia
1405 747 1513 805 sub
1546 767 1660 806 no-

110 831 257 888 mine
289 833 684 889 Planorbitae
721 831 1037 909 descriptae
1073 847 1203 890 sunt
1248 829 1463 913 species
1497 831 1668 891 fossi-

109 914 188 972 les
218 917 436 997 generis
469 917 1185 976 Flammis—Remmia
1212 916 1312 976 has
1345 932 1511 977 testas
1549 934 1671 977 tum

109 1001 396 1060 Nautilos
439 1017 556 1061 tum
582 1007 994 1084 Argonautas
1022 1002 1202 1078 dixit,
1231 1001 1489 1084 quamvis
1528 1002 1670 1063 haec

106 1087 326 1145 nomina
371 1108 436 1146 eo
477 1105 753 1168 tempore,
778 1110 895 1170 quo
926 1088 1261 1169 conscripsit
1295 1111 1462 1148 suum
1484 1108 1663 1169 opus—

109 1174 300 1232 culum
326 1219 340 1246 ‚
398 1175 505 1254 jam
559 1173 780 1234 dudum
821 1175 944 1234 aliis
990 1174 1142 1236 testis
1171 1220 1188 1251 ‚
1225 1175 1298 1234 ab
1346 1175 1455 1235 illis
1501 1173 1671 1237 Valde

107 1256 340 1318 diversis
362 1306 385 1332 ‚
424 1260 555 1319 data
597 1277 796 1321 essent.
1661 1279 1676 1294 ⁰

190 1364 626 1442 Ellipsolitlzen
671 1365 934 1425 formavit
991 1367 1409 1426 MONTFORTIUS
1452 1385 1482 1424 e
1529 1387 1669 1446 spe-

107 1448 340 1525 ciebas,
388 1457 535 1532 ‘quae
586 1451 764 1510 formai
815 1452 966 1510 ovali
1011 1473 1068 1510 se
1126 1453 1506 1532 distinguunt.
1556 1451 1671 1510 So-

107 1555 368 1594 WERBYUS
412 1553 520 1595 tres
569 1536 684 1594 huc
725 1536 898 1595 refert
942 1537 1156 1614 species
1181 1557 1200 1592 .·
1234 1537 1673 1613 Ellipsolitlzen

108 1641 502 1699 compressam
525 1624 581 1685 (2
593 1623 653 1690 o)
673 1664 693 1689 ,
714 1622 999 1701 famatum
1024 1621 1082 1697 (2
1100 1620 1153 1697 1)
1176 1635 1229 1677 et
1254 1631 1490 1679 ovatum
1511 1621 1672 1701 (22);

108 1725 138 1760 e
164 1707 374 1785 quibus
422 1706 625 1764 deinde
666 1707 1095 1762 PARKINsoNIUs
1123 1704 1240 1762 duo
1282 1726 1491 1786 genera
1529 1727 1674 1765 con-

106 1790 243 1848 fecit
268 1836 283 1863 ‚
330 1792 916 1866 Ammonellipsiten
948 1810 977 1845 e
1017 1788 1242 1847 duabus
1291 1790 1578 1870 prioribus
1617 1807 1675 1850 et

106 1876 580 1953 Nautellipsiten
630 1897 694 1933 ex
743 1875 823 1931 E.
872 1884 1048 1932 ovato
1084 1875 1267 1950 Sow.‚
1298 1875 1434 1957 quia
1480 1875 1538 1933 in
1575 1876 1676 1936 illo

107 1959 313 2019 adsunt
347 1962 634 2019 anfractus
675 1958 749 2018 ad
787 1975 1086 2041 utramque
1121 1975 1337 2040 partem
1375 1960 1675 2041 conspicui

109 2047 423 2127 sensimque
467 2043 754 2105 incrassati
806 2062 859 2104 et
903 2061 1065 2126 septa
1101 2044 1395 2120 frondosa,
1431 2045 1569 2104 dum
1615 2047 1677 2105 in

108 2129 216 2191 hoc
246 2132 533 2191 anfractus
565 2132 837 2205 involuti,
866 2148 1140 2214 septaque
1185 2131 1407 2213 integra
1444 2134 1677 2190 Nauti-

107 2218 294 2274 loram
323 2218 696 2277 inveniantur.
743 2218 1086 2278 SOWERBYUS
1134 2238 1269 2276 vero
1312 2217 1457 2275 illud
1491 2239 1675 2299 genus

108 2302 630 2379 Ellipsolltlzarmn
667 2319 859 2384 postea
895 2302 1014 2383 ipse
1038 2303 1235 2384 rejecit
1269 2303 1416 2378 (23),
1441 2324 1619 2383 quum
1641 2324 1674 2361 e

108 2388 359 2470 plurium
391 2390 699 2470 specierum
730 2388 1094 2448 varietatibus
1122 2388 1483 2462 intellexerit,
1526 2388 1673 2446 hanc

111 2471 342 2531 formam
384 2491 603 2533 ovatam
639 2473 858 2533 nullum
900 2475 1160 2533 stabilem.
1193 2473 1395 2532 afferre
1433 2473 1674 2530 charac-

110 2571 280 2614 terem
318 2604 332 2631 ‚
382 2559 464 2616 uti
526 2561 684 2617 etiam
733 2561 843 2640 jam
892 2561 1258 2635 SetinoTERUfs
1309 2557 1673 2616 animadver-

137 2736 140 2738 ’
187 2719 296 2793 (2ο)
326 2718 469 2771 Conf
521 2716 740 2771 Mineral
768 2717 1102 2790 Conchology
1129 2718 1192 2770 of
1219 2718 1376 2771 Great
1412 2716 1670 2779 Brittain,

113 2794 238 2848 Vol.
269 2796 306 2845 l.
344 2793 458 2843 Tab
504 2791 571 2845 58
595 2832 609 2859 ,
651 2812 767 2863 pag.
801 2792 887 2843 84.

188 2866 299 2942 (21)
330 2865 482 2919 Conf.
512 2866 642 2917 ibid.
672 2866 800 2917 Tab.
852 2867 948 2931 52,
997 2884 1109 2937 pag.
1149 2863 1236 2917 81.

184 2951 312 3005 (22)
358 2939 510 2993 Conf.
564 2940 693 2991 ibid.
737 2939 867 2991 Tab.
907 2942 1013 3012 57,
1063 2958 1176 3009 pag.
1229 2937 1318 2992 85.

190 3016 308 3087 (25)
336 3013 487 3067 Conf.
514 3013 643 3065 ibid.
675 3014 796 3070 Vol.
838 3016 898 3068 Π.
932 3033 1028 3086 pag
1087 3015 1182 3086 169
1206 3027 1253 3066 et
1279 3010 1399 3069 Vol,
1429 3011 1520 3065 III.
1548 3030 1664 3084 pag.

125 3088 251 3161 167,
283 3089 339 3141 in
375 3088 719 3149 annotatione.
