2106 3665
903 427 974 455 =
1629 398 1702 460 61

176 510 357 572 stratis
389 509 654 570 montium
679 503 1136 568 secundariorum
1161 502 1511 584 reperiundis
1528 549 1542 574 ‚
1564 525 1713 585 quo-

174 620 295 655 rum
338 597 575 678 analoga
601 593 768 653 hodie
813 612 922 649 non
966 588 1206 670 amplius
1245 587 1450 647 adsunt
1489 605 1539 646 et
1567 610 1712 669 quae

174 700 300 741 ante
335 702 679 740 communem
698 726 713 754 ‚
756 693 820 734 ut
845 674 1104 748 videtur,
1132 674 1283 733 illam
1308 673 1715 752 catastropham

174 767 386 824 telluris
428 765 696 824 vixerunt.
734 761 860 819 Alia
899 759 956 817 in
995 759 1398 820 recentioribus
1426 756 1606 818 stratis
1642 759 1717 815 in-

173 850 446 910 venienda
483 895 498 922 ,
544 868 784 928 quorum
839 845 1076 928 analoga
1133 867 1341 926 genera
1395 865 1610 922 semper
1666 857 1720 900 et

173 936 333 993 etiam
385 931 730 1013 aliquamdiu
775 929 989 1011 species
1033 930 1201 990 hodie
1250 930 1440 990 adhuc
1483 927 1717 987 adsunt:

171 1019 355 1078 omnia
393 1017 600 1076 fossilia
645 1017 759 1075 huc
810 1014 1106 1074 referenda
1144 1062 1159 1092 ,
1212 1037 1456 1097 qnorum
1522 1011 1723 1072 similia

170 1104 336 1163 hodie
359 1124 504 1162 mare
528 1102 800 1162 habitant.
826 1101 954 1162 Alia
990 1101 1213 1162 tandem
1241 1103 1299 1162 in
1333 1097 1722 1161 recentissimis

171 1189 355 1249 stratis
379 1186 732 1271 quaerenda,
774 1208 1019 1269 quorum
1059 1190 1251 1270 plures
1302 1185 1517 1269 species
1554 1181 1723 1242 hodie

170 1275 358 1334 adhuc
418 1276 669 1335 viventes
726 1275 1131 1333 observantur:
1188 1273 1274 1333 his
1329 1269 1622 1334 fluviatilia
1670 1282 1725 1325 et

170 1361 447 1420 terrestria
491 1359 1067 1442 comprehenduntur.

256 1466 429 1537 Quo'd
469 1466 541 1524 ad
579 1466 800 1523 diversa
839 1480 1009 1523 strata
1050 1463 1202 1522 orbis
1247 1460 1463 1520 telluris
1500 1457 1723 1532 attinet,

175 1548 511 1608 dividuntur
548 1551 766 1608 Montes
806 1549 861 1609 in
918 1549 1242 1606 universum
1293 1546 1349 1602 in
1388 1545 1726 1601 Primarios

177 1651 228 1693 ct
274 1634 685 1693 Secundarios.
731 1633 820 1690 Illi
858 1633 1014 1690 nulla
1062 1628 1552 1710 comprehendunt
1591 1626 1726 1686 ani-

171 1719 398 1777 malium
422 1717 662 1777 residua.
690 1717 761 1773 Hi
785 1736 919 1775 vero
941 1730 1228 1784 constant,
1268 1714 1452 1793 primo
1487 1734 1516 1769 e
1558 1727 1728 1771 strato

173 1803 468 1875 inferiore,
528 1802 587 1858 in
644 1821 760 1881 quo
805 1800 1213 1859 Lithcmtlzrczx·
1259 1799 1565 1855 calcareas
1623 1798 1727 1853 al—

163 1891 352 1967 pinas
374 1903 424 1945 et
445 1887 769 1963 Pseplzites
798 1906 1124 1944 arenaceus
1146 1885 1462 1941 rubescens
1483 1904 1501 1939 :
1523 1879 1729 1962 deinde

175 1995 204 2031 e
273 1988 443 2030 strato
492 1969 751 2029 mediano
819 1971 907 2030 vel
974 1968 1293 2029 transitorio
1348 1982 1634 2026 constante
1700 1986 1729 2023 e

181 2058 355 2115 Cretci
410 2057 555 2114 albd
577 2101 600 2127 ,
644 2077 674 2114 e
729 2055 906 2113 Creta*
961 2055 1274 2134 silicigerci
1298 2096 1319 2123 ,
1370 2068 1425 2111 et
1473 2074 1502 2110 e
1554 2051 1730 2109 Cretd

176 2143 524 2200 chloriticd:
555 2140 781 2200 tandem
828 2164 857 2200 e
897 2155 1068 2200 strato
1101 2138 1390 2219 superiore
1420 2135 1731 2217 composito

176 2247 208 2285 e
259 2227 493 2286 diversis
557 2225 926 2287 fluviatilibus
990 2242 1044 2284 et
1097 2223 1324 2283 marinis
1382 2243 1438 2281 se
1493 2221 1733 2286 invicem

179 2310 665 2391 superjacentibus
724 2312 878 2390 (51).
923 2311 1234 2370 Videamus
1284 2305 1596 2368 secundum
1641 2304 1735 2363 di-

177 2417 366 2456 versos
397 2413 655 2456 auctores
676 2443 690 2472 ,
713 2397 1053 2478 quibusnam
1076 2393 1442 2454 inveniuntur
1458 2393 1541 2450 A
1545 2411 1730 2449 mmo-

124 2536 128 2539 ,
180 2483 340 2537 nitecz
368 2498 421 2539 et
442 2482 696 2541 ordinem
725 2499 1022 2562 sequentes
1046 2496 1343 2540 stratorum
1383 2475 1733 2535 diversorum

181 2564 459 2623 Montium
498 2566 957 2625 secundariorum
984 2611 998 2639 ‚
1038 2567 1281 2645 primum
1326 2561 1554 2644 quidem
1599 2579 1734 2638 spe-

181 2649 292 2707 cies
324 2693 339 2721 ‚
385 2671 530 2730 quae
578 2651 632 2707 in
682 2651 1070 2710 vetustissimis
1093 2694 1108 2720 ,
1140 2647 1346 2708 deinde
1373 2647 1499 2705 illae
1523 2691 1538 2721 ,
1582 2663 1731 2726 quae

124 2748 127 2750 ’
179 2733 237 2791 in
275 2733 683 2793 recentioribus
730 2734 1117 2794 inveniuntur.
1418 2756 1421 2759 ’

254 2900 367 2974 (51)
406 2901 559 2955 Conf.
597 2902 900 2970 Brongniart
938 2902 1263 2974 Description
1302 2898 1604 2972 geologique
1643 2897 1733 2950 des

183 2974 437 3027 Environs
485 2976 547 3028 de
588 2976 742 3028 Paris.
786 2977 917 3049 Voy.
961 2976 1152 3030 Cuvier
1183 2974 1502 3030 Recherches
1537 2992 1625 3026 sur
1663 2970 1733 3024 les

182 3045 450 3103 Ossemens
485 3049 678 3103 fossiles
710 3050 776 3102 T.
795 3052 857 3104 11.
886 3052 1005 3104 Pars
1040 3052 1104 3104 ΙΙ.
