2106 3665
382 423 463 484 60
1113 451 1183 479 =

881 636 1262 706 CAPUT
1326 637 1415 708 V.

589 807 706 864 DE
767 804 1076 864 PARTE
1103 806 1715 866 ‘GEOLOGICA.

1102 965 1215 1003 VEL

381 1062 481 1117 DE
547 1061 946 1119 MONTIUM
1024 1062 1414 1133 STRATIS‚
1471 1063 1550 1117 IN
1623 1063 1933 1134 QUIBUS

464 1204 1187 1260 CEPHALOPODA
1236 1204 1851 1259 AMMONITEA

430 1349 527 1404 ΕΤ
600 1351 1230 1407 GONIATITEA
1286 1346 1895 1406 INVENIUNTUR.

464 1499 556 1557 Ex
594 1499 854 1557 omnibus
888 1501 1144 1580 partibus
1184 1500 1469 1560 Historiae
1511 1498 1800 1559 Naturalis
1824 1545 1838 1574 ,
1881 1498 1940 1557 in

383 1584 647 1666 geologia
669 1583 912 1642 Telluris
940 1586 1152 1643 nullius
1184 1601 1334 1642 [ama
1368 1585 1512 1643 ratio
1538 1583 1801 1643 habenda
1824 1599 1905 1642 est
1926 1628 1940 1657 ,

384 1690 555 1749 quam
589 1668 1108 1750 Conehyliologiae.
1155 1668 1202 1725 F
1204 1669 1389 1728 ossilia
1433 1669 1576 1728 enim
1602 1716 1617 1744 ,
1659 1691 1806 1751 quae
1848 1668 1942 1727 ef-

384 1752 681 1831 fodiuntur
727 1754 1166 1834 vegetabilium,
1210 1754 1532 1812 animalium
1583 1755 1942 1814 vertebrato-

382 1861 530 1912 rum,
552 1837 896 1896 Insectoium
915 1885 929 1913 ,
950 1858 1179 1919 perraro
1201 1855 1329 1897 sunt
1354 1839 1603 1922 integra:
1636 1840 1942 1917 plurimum

386 1944 417 1980 e
441 1938 636 1981 contra
656 1923 969 1982 rudimenta
999 1939 1213 1981 tantum
1243 1945 1439 2004 parva.
1464 1920 1692 1981 Adsunt
1712 1923 1942 2003 quidem

387 2008 740 2086 exceptiones
794 2030 849 2066 v.
894 2031 1010 2090 gn,
1053 2011 1320 2067 sceletum
1367 2009 1683 2088 perfectum
1709 2010 1939 2089 Mega-

388 2094 606 2163 tlzerii,
662 2091 819 2173 quod
868 2093 924 2150 in
977 2093 1176 2151 Museo
1230 2092 1585 2151 Madrittensi
1648 2109 1942 2169 servatur,

390 2177 610 2259 aliaque
631 2178 685 2235 in
705 2175 1173 2258 praestantissimo
1193 2198 1361 2256 opere
1385 2179 1622 2237 Cuvnzffl
1645 2178 1945 2259 descripta;

394 2262 835 2343 Conchyliorum
889 2284 1022 2323 vero
1085 2263 1387 2343 specimina
1432 2263 1646 2323 fossiiia
1703 2262 1761 2322 in
1800 2280 1948 2324 statu

389 2348 724 2428 perfectiore
770 2348 1084 2428 saepissime
1132 2349 1540 2423 inveniuntur,
1584 2365 1945 2429 quumstatu

393 2433 638 2492 firmiore
680 2435 926 2492 omnium
961 2434 1167 2515 optime
1209 2435 1570 2493 ambientium
1609 2434 1662 2489 vi
1704 2450 1756 2492 et
1788 2454 1946 2494 com-

391 2517 660 2599 pressioni
696 2518 1050 2591 restiterunt3
1081 2540 1191 2578 non
1232 2535 1446 2578 tantum
1490 2519 1811 2602 integritate
1846 2519 1946 2579 sed

394 2603 556 2662 etiam
596 2626 784 2663 eorum
829 2603 1185 2663 multitudine
1221 2607 1456 2669 maxime
1483 2605 1540 2663 in
1570 2626 1794 2664 censum
1835 2626 1945 2665 ve-

395 2688 592 2749 niunt:
616 2689 712 2751 vix
751 2690 892 2748 enim
922 2689 1125 2750 adsunt
1148 2712 1356 2773 genera
1379 2737 1394 2765 ‚
1425 2712 1664 2774 quorum
1695 2711 1804 2748 non
1831 2692 1945 2771 jam

397 2773 609 2835 fossiles
650 2776 864 2856 species
900 2794 1060 2836 notae
1093 2793 1224 2836 sunt
1266 2792 1319 2835 et
1356 2777 1414 2835 in
1452 2774 1790 2859 quibusdam
1832 2797 1982 2835 nu-x

399 2879 581 2920 merus
621 2861 718 2921 illo
752 2862 1056 2922 viventium
1100 2884 1203 2943 par
1246 2877 1343 2923 est.

483 2967 778 3027 Praeterea
822 2969 1183 3030 inveniuntur
1230 2965 1543 3050 Conchylia
1584 2965 1791 3026 fossilia
1838 2967 1944 3026 tri-

401 3050 570 3136 plicis
619 3055 938 3136 praesertim
991 3054 1213 3116 indolis.
1268 3054 1408 3116 Aliis
1455 3055 1515 3114 in
1559 3051 1943 3116 vetustissimis
