2106 3665
424 493 831 554 consideranda
871 508 998 552 sunt
1027 509 1289 576 tanquam
1318 494 1375 551 in
1404 492 1592 551 infima
1639 494 1788 552 scala
1814 495 1977 551 Moz-

421 584 718 640 luscorzmz
763 578 907 638 Cuv.
948 580 1132 659 posita
1190 601 1386 660 nempe
1433 576 1662 659 quando
1703 578 1845 638 inter
1880 580 1975 638 illa

421 667 603 727 omnia
625 666 716 723 illa
747 664 1282 744 comprehendamus
1301 688 1445 746 quae
1467 665 1620 722 nulla
1646 686 1859 747 organa
1884 687 1978 723 ar—

386 753 651 841 ⁸ticulata
695 766 792 809 aut
836 749 1051 808 radiata
1099 751 1439 811 ostendunt:
1484 749 1618 809 dum
1667 765 1975 831 postrem0‚

423 854 600 913 certe,
624 839 750 895 loco
768 836 1028 911 veniunt,
1056 837 1285 916 quando
1322 837 1392 896 de
1415 837 1620 918 majore
1646 838 1734 898 vel
1770 835 1979 894 minore

420 921 779 1006 perfectionis
816 920 1002 1005 gradu
1025 944 1112 982 res
1151 939 1251 982 est.

506 1049 598 1107 Ab
651 1047 759 1106 alia
800 1062 957 1129 parte
1008 1047 1321 1106 Mollusccz
1373 1046 1586 1106 radiata
1629 1068 1836 1129 organa
1868 1067 1979 1104 non

422 1137 694 1217 praebent
733 1134 779 1193 si
814 1132 1059 1214 excipias
1086 1133 1529 1212 Cephalopoda,
1560 1154 1703 1213 quae
1726 1133 1781 1191 in
1798 1149 1981 1190 tenta-

423 1222 681 1280 culorum
710 1220 1073 1301 dispositione
1123 1220 1400 1278 stellatum
1447 1234 1667 1278 servant
1708 1217 1978 1277 ordinem.

424 1308 595 1365 Recte
638 1321 822 1366 autem
879 1308 1251 1365 LAMARcKan
1302 1305 1441 1363 haec
1486 1304 1543 1362 in
1589 1305 1732 1363 duas
1781 1305 1982 1363 classes

424 1391 654 1466 dividit,
685 1392 742 1451 in
788 1392 1106 1451 Mollzcsca
1145 1408 1200 1450 et
1231 1390 1590 1473 Cone-hifera
1618 1392 1724 1469 (A
1730 1391 1984 1468 cephala

421 1477 599 1556 Cuv.)
648 1499 659 1534 :
723 1499 894 1558 quam
953 1476 1182 1558 quidem
1233 1475 1563 1537 divisionem
1597 1491 1829 1535 naturae
1870 1496 1983 1534 esse

424 1582 768 1642 congruam,
811 1583 924 1620 non
978 1578 1194 1620 tantum
1242 1561 1441 1643 capitis
1502 1561 1559 1619 in
1608 1560 1985 1642 Conchiferis

423 1646 671 1705 absentia
704 1643 945 1719 evincit,
966 1648 1064 1702 sed
1091 1648 1254 1701 etiam
1303 1645 1602 1704 ventriculi
1635 1646 1777 1702 inter
1817 1666 1986 1704 venas

424 1731 774 1813 pulmonales
817 1729 1158 1809 arteriasque
1194 1729 1443 1810 corporis
1464 1774 1487 1800 ,
1519 1728 1684 1809 cujus
1716 1750 1823 1810 ope
1849 1730 1983 1789 illo-

422 1839 549 1876 rum
595 1814 888 1874 circulatio
924 1813 1263 1894 pulmonalis
1294 1814 1569 1895 peculiari
1598 1814 1653 1874 vi
1698 1814 1755 1872 in
1797 1832 1983 1875 actum

425 1902 687 1962 ducatur.
729 1934 802 1944 -
837 1901 1277 1960 Mollascorum
1336 1900 1495 1958 Lam.
1570 1920 1716 1980 quae
1770 1917 1985 1981 partem

425 1989 600 2070 igitur
638 2002 855 2046 tantum
888 1985 1138 2045 efficiunt
1189 1985 1632 2060 Melluseorum
1662 1984 1834 2057 Cuv.,
1867 1986 1987 2045 CU-

427 2095 648 2132 vnfflms
707 2088 816 2131 tres
882 2072 1084 2132 classes
1124 2070 1421 2152 proposuit
1460 2093 1471 2129 :
1521 2070 1940 2149 Cephalopoda
1959 2116 1982 2143 ,

427 2157 774 2234 Pteropoda
813 2202 836 2229 ,
914 2157 1351 2234 Gasteropodcz.
1405 2192 1477 2202 —
1538 2157 1982 2234 Cephalopoda,

426 2244 508 2302 uti
559 2265 758 2301 nomen
818 2243 1034 2324 partius
1099 2241 1361 2319 indicat,
1424 2258 1598 2323 caput
1661 2241 1985 2301 distinctum

429 2328 780 2387 efformatum
810 2328 1108 2388 tentaculis
1146 2328 1421 2411 elongatis
1444 2327 1806 2409 carnosisque
1846 2348 1987 2385 ven—

426 2415 812 2494 triculumque
875 2415 1264 2494 pulmonarem
1350 2413 1679 2495 bipartitum
1756 2411 1982 2471 habent.

427 2499 776 2576 Pteropoda
826 2499 1111 2558 branchiis
1166 2498 1241 2558 ad
1297 2499 1469 2557 latera
1523 2497 1724 2580 capitis
1762 2497 1987 2557 duabus

428 2584 825 2643 alaeformibus
885 2608 896 2642 ε
969 2585 1378 2662 Gasteropoda
1440 2583 1601 2644 disco
1661 2584 1984 2642 musculoso

431 2691 488 2728 se
545 2687 786 2729 movent.
844 2670 1215 2730 LAMARcKms
1264 2671 1320 2727 in
1372 2670 1516 2728 hanc
1565 2667 1983 2747 dispositionem

430 2755 699 2835 quasdam
752 2755 1063 2814 introduxit
1119 2755 1465 2813 mutationes.
1503 2753 1694 2812 Primo
1753 2753 1983 2812 classem

437 2840 970 2916 Gasteropodorum
1009 2840 1151 2900 Cuv.
1188 2840 1243 2899 in
1281 2838 1422 2898 duas
1457 2837 1700 2912 dividit,
1737 2837 1796 2895 in
1847 2838 1983 2896 Tra-

432 2926 744 3002 chelipoda
809 2941 862 2982 et
914 2926 1319 3002 Gasteropoda
1384 2923 1610 3004 proprie
1657 2923 1736 2982 sic
1791 2922 1980 2998 dicta,

433 3031 577 3090 quae
622 3010 695 3067 ita
742 3010 1002 3069 distincta
1041 3026 1205 3087 sunt,
1257 3026 1320 3070 ut
1364 3009 1449 3069 his
1483 3009 1551 3068 sit
1597 3007 1785 3069 discus
1827 3029 1980 3068 mus—
