<?xml version="1.0" encoding="UTF-8"?>
<!DOCTYPE html PUBLIC "-//W3C//DTD XHTML 1.0 Transitional//EN"
    "http://www.w3.org/TR/xhtml1/DTD/xhtml1-transitional.dtd">
<html xmlns="http://www.w3.org/1999/xhtml" xml:lang="en" lang="en">
 <head>
  <title>
</title>
<meta http-equiv="Content-Type" content="text/html;charset=utf-8" />
  <meta name='ocr-system' content='tesseract 3.04.00' />
  <meta name='ocr-capabilities' content='ocr_page ocr_carea ocr_par ocr_line ocrx_word'/>
</head>
<body>
  <div class='ocr_page' id='page_1' title='image "./monographiaeammo00haan_0030.png"; bbox 0 0 2106 3665; ppageno 0'>
   <div class='ocr_carea' id='block_1_1' title="bbox 341 350 1915 1113">
    <p class='ocr_par' dir='ltr' id='par_1_1' title="bbox 363 350 1162 410">
     <span class='ocr_line' id='line_1_1' title="bbox 363 350 1162 410; baseline -0.006 -6"><span class='ocrx_word' id='word_1_1' title='bbox 363 350 434 410; x_wconf 85' lang='grc'>18</span> <span class='ocrx_word' id='word_1_2' title='bbox 1093 366 1162 393; x_wconf 87' lang='lat'>==</span> 
     </span>
    </p>

    <p class='ocr_par' dir='ltr' id='par_1_2' title="bbox 341 439 1915 1113">
     <span class='ocr_line' id='line_1_2' title="bbox 350 439 1909 533; baseline -0.006 -24"><span class='ocrx_word' id='word_1_3' title='bbox 350 447 648 533; x_wconf 81' lang='lat' dir='ltr'>proposuit</span> <span class='ocrx_word' id='word_1_4' title='bbox 693 442 1203 519; x_wconf 77' lang='lat' dir='ltr'>FERussAee11Js‚i.</span> <span class='ocrx_word' id='word_1_5' title='bbox 1249 463 1298 500; x_wconf 86' lang='lat' dir='ltr'>e.</span> <span class='ocrx_word' id='word_1_6' title='bbox 1353 439 1672 522; x_wconf 88' lang='lat' dir='ltr'>conjunctis</span> <span class='ocrx_word' id='word_1_7' title='bbox 1723 442 1909 501; x_wconf 81' lang='lat' dir='ltr'>Octo—</span> 
     </span>
     <span class='ocr_line' id='line_1_3' title="bbox 341 528 1909 616; baseline -0.006 -21"><span class='ocrx_word' id='word_1_8' title='bbox 341 537 500 616; x_wconf 76' lang='lat' dir='ltr'>pode</span> <span class='ocrx_word' id='word_1_9' title='bbox 531 550 585 594; x_wconf 89' lang='lat' dir='ltr'>et</span> <span class='ocrx_word' id='word_1_10' title='bbox 630 536 1050 614; x_wconf 75' lang='lat' dir='ltr'>Argonauta,</span> <span class='ocrx_word' id='word_1_11' title='bbox 1095 548 1148 590; x_wconf 87' lang='lat' dir='ltr'>et</span> <span class='ocrx_word' id='word_1_12' title='bbox 1175 530 1409 589; x_wconf 83' lang='lat' dir='ltr'>caeteris</span> <span class='ocrx_word' id='word_1_13' title='bbox 1455 528 1909 606; x_wconf 76' lang='lat' dir='ltr'>Cephalopodo-</span> 
     </span>
     <span class='ocr_line' id='line_1_4' title="bbox 349 613 1910 705; baseline -0.006 -23"><span class='ocrx_word' id='word_1_14' title='bbox 349 646 477 682; x_wconf 78' lang='lat' dir='ltr'>ram</span> <span class='ocrx_word' id='word_1_15' title='bbox 498 620 803 705; x_wconf 82' lang='lat' dir='ltr'>generibus</span> <span class='ocrx_word' id='word_1_16' title='bbox 824 618 880 678; x_wconf 90' lang='lat' dir='ltr'>in</span> <span class='ocrx_word' id='word_1_17' title='bbox 901 619 1074 676; x_wconf 69' lang='lat' dir='ltr'>altera</span> <span class='ocrx_word' id='word_1_18' title='bbox 1097 616 1371 678; x_wconf 83' lang='lat' dir='ltr'>divisione</span> <span class='ocrx_word' id='word_1_19' title='bbox 1400 614 1474 673; x_wconf 84' lang='lat' dir='ltr'>ab</span> <span class='ocrx_word' id='word_1_20' title='bbox 1493 613 1602 672; x_wconf 90' lang='lat' dir='ltr'>illis</span> <span class='ocrx_word' id='word_1_21' title='bbox 1623 616 1910 694; x_wconf 83' lang='lat' dir='ltr'>separatiS,</span> 
     </span>
     <span class='ocr_line' id='line_1_5' title="bbox 347 701 1915 782; baseline -0.008 -14"><span class='ocrx_word' id='word_1_22' title='bbox 347 709 606 768; x_wconf 88' lang='lat' dir='ltr'>malimus</span> <span class='ocrx_word' id='word_1_23' title='bbox 657 705 1015 782; x_wconf 76' lang='lat' dir='ltr'>Decapoda.</span> <span class='ocrx_word' id='word_1_24' title='bbox 1059 703 1198 761; x_wconf 79' lang='lat' dir='ltr'><strong>FER.</strong></span> <span class='ocrx_word' id='word_1_25' title='bbox 1253 703 1442 762; x_wconf 81' lang='lat' dir='ltr'><strong>dicere</strong></span> <span class='ocrx_word' id='word_1_26' title='bbox 1476 701 1915 760; x_wconf 73' lang='lat' dir='ltr'>Adhaerentia</span> 
     </span>
     <span class='ocr_line' id='line_1_6' title="bbox 347 786 1914 870; baseline -0.006 -17"><span class='ocrx_word' id='word_1_27' title='bbox 347 796 388 853; x_wconf 89' lang='lat' dir='ltr'>i.</span> <span class='ocrx_word' id='word_1_28' title='bbox 430 816 480 852; x_wconf 91' lang='lat' dir='ltr'>e.</span> <span class='ocrx_word' id='word_1_29' title='bbox 528 791 787 851; x_wconf 88' lang='lat' dir='ltr'>animalia</span> <span class='ocrx_word' id='word_1_30' title='bbox 823 792 962 849; x_wconf 66' lang='lat' dir='ltr'>‘testa</span> <span class='ocrx_word' id='word_1_31' title='bbox 1010 789 1227 848; x_wconf 86' lang='lat' dir='ltr'>inclusa</span> <span class='ocrx_word' id='word_1_32' title='bbox 1268 790 1358 848; x_wconf 87' lang='lat' dir='ltr'>vel</span> <span class='ocrx_word' id='word_1_33' title='bbox 1405 803 1574 847; x_wconf 83' lang='lat' dir='ltr'>testae</span> <span class='ocrx_word' id='word_1_34' title='bbox 1622 786 1914 870; x_wconf 85' lang='lat' dir='ltr'>ligamenti</span> 
     </span>
     <span class='ocr_line' id='line_1_7' title="bbox 346 868 1913 961; baseline -0.006 -22"><span class='ocrx_word' id='word_1_35' title='bbox 346 903 455 961; x_wconf 89' lang='lat' dir='ltr'>ope</span> <span class='ocrx_word' id='word_1_36' title='bbox 485 878 846 938; x_wconf 82' lang='lat' dir='ltr'>adhaerentia</span> <span class='ocrx_word' id='word_1_37' title='bbox 884 891 936 935; x_wconf 91' lang='lat' dir='ltr'>et</span> <span class='ocrx_word' id='word_1_38' title='bbox 983 875 1338 952; x_wconf 77' lang='lat' dir='ltr'>Octopodia.</span> <span class='ocrx_word' id='word_1_39' title='bbox 1376 874 1510 932; x_wconf 71' lang='lat' dir='ltr'><strong>FER.</strong></span> <span class='ocrx_word' id='word_1_40' title='bbox 1549 868 1781 932; x_wconf 75' lang='lat' dir='ltr'>Libera</span> <span class='ocrx_word' id='word_1_41' title='bbox 1802 872 1838 931; x_wconf 91' lang='lat' dir='ltr'>i.</span> <span class='ocrx_word' id='word_1_42' title='bbox 1867 893 1913 931; x_wconf 88' lang='lat' dir='ltr'>e.</span> 
     </span>
     <span class='ocr_line' id='line_1_8' title="bbox 347 958 1915 1047; baseline -0.005 -22"><span class='ocrx_word' id='word_1_43' title='bbox 347 966 605 1025; x_wconf 89' lang='lat' dir='ltr'>animalia</span> <span class='ocrx_word' id='word_1_44' title='bbox 629 963 921 1047; x_wconf 85' lang='lat' dir='ltr'>ligamenti</span> <span class='ocrx_word' id='word_1_45' title='bbox 959 984 1067 1043; x_wconf 91' lang='lat' dir='ltr'>ope</span> <span class='ocrx_word' id='word_1_46' title='bbox 1094 976 1263 1021; x_wconf 84' lang='lat' dir='ltr'>testae</span> <span class='ocrx_word' id='word_1_47' title='bbox 1291 981 1405 1019; x_wconf 90' lang='lat' dir='ltr'>non</span> <span class='ocrx_word' id='word_1_48' title='bbox 1429 959 1786 1020; x_wconf 84' lang='lat' dir='ltr'>adhaerentia</span> <span class='ocrx_word' id='word_1_49' title='bbox 1822 958 1915 1021; x_wconf 84' lang='lat' dir='ltr'>vel</span> 
     </span>
     <span class='ocr_line' id='line_1_9' title="bbox 345 1052 718 1113; baseline -0.011 -1"><span class='ocrx_word' id='word_1_50' title='bbox 345 1054 485 1113; x_wconf 66' lang='lat' dir='ltr'>testa</span> <span class='ocrx_word' id='word_1_51' title='bbox 538 1052 718 1110; x_wconf 66' lang='lat' dir='ltr'>nulla.</span> 
     </span>
    </p>
   </div>
   <div class='ocr_carea' id='block_1_2' title="bbox 339 1151 1922 2518">
    <p class='ocr_par' dir='ltr' id='par_1_3' title="bbox 339 1151 1922 2518">
     <span class='ocr_line' id='line_1_10' title="bbox 435 1151 1915 1236; baseline -0.004 -21"><span class='ocrx_word' id='word_1_52' title='bbox 435 1156 861 1236; x_wconf 72' lang='lat' dir='ltr'>Cephalopocla</span> <span class='ocrx_word' id='word_1_53' title='bbox 902 1154 1128 1212; x_wconf 79' lang='lat' dir='ltr'>Libera</span> <span class='ocrx_word' id='word_1_54' title='bbox 1164 1152 1238 1211; x_wconf 84' lang='lat' dir='ltr'>N.</span> <span class='ocrx_word' id='word_1_55' title='bbox 1267 1151 1385 1211; x_wconf 88' lang='lat' dir='ltr'>duo</span> <span class='ocrx_word' id='word_1_56' title='bbox 1415 1173 1622 1233; x_wconf 79' lang='lat' dir='ltr'>genera</span> <span class='ocrx_word' id='word_1_57' title='bbox 1652 1171 1915 1233; x_wconf 89' lang='lat' dir='ltr'>eompre-</span> 
     </span>
     <span class='ocr_line' id='line_1_11' title="bbox 342 1240 1922 1320; baseline -0.004 -18"><span class='ocrx_word' id='word_1_58' title='bbox 342 1243 602 1302; x_wconf 85' lang='lat' dir='ltr'>hendunt</span> <span class='ocrx_word' id='word_1_59' title='bbox 651 1241 1020 1320; x_wconf 80' lang='lat' dir='ltr'>Oetopodem</span> <span class='ocrx_word' id='word_1_60' title='bbox 1043 1255 1098 1297; x_wconf 82' lang='lat' dir='ltr'>et</span> <span class='ocrx_word' id='word_1_61' title='bbox 1132 1242 1591 1319; x_wconf 73' lang='lat' dir='ltr'>Argonautam.</span> <span class='ocrx_word' id='word_1_62' title='bbox 1617 1240 1706 1297; x_wconf 88' lang='lat' dir='ltr'>Ex</span> <span class='ocrx_word' id='word_1_63' title='bbox 1754 1253 1922 1295; x_wconf 68' lang='lat' dir='ltr'>ante-</span> 
     </span>
     <span class='ocr_line' id='line_1_12' title="bbox 341 1323 1915 1409; baseline -0.005 -21"><span class='ocrx_word' id='word_1_64' title='bbox 341 1329 587 1388; x_wconf 80' lang='lat' dir='ltr'>rioribus</span> <span class='ocrx_word' id='word_1_65' title='bbox 622 1326 852 1409; x_wconf 83' lang='lat' dir='ltr'>quidem</span> <span class='ocrx_word' id='word_1_66' title='bbox 876 1325 1060 1408; x_wconf 88' lang='lat' dir='ltr'>patuit</span> <span class='ocrx_word' id='word_1_67' title='bbox 1087 1340 1320 1383; x_wconf 84' lang='lat' dir='ltr'>naturae</span> <span class='ocrx_word' id='word_1_68' title='bbox 1346 1323 1580 1382; x_wconf 82' lang='lat' dir='ltr'>maxime</span> <span class='ocrx_word' id='word_1_69' title='bbox 1611 1324 1915 1383; x_wconf 86' lang='lat' dir='ltr'>convenire</span> 
     </span>
     <span class='ocr_line' id='line_1_13' title="bbox 340 1409 1916 1494; baseline -0.003 -23"><span class='ocrx_word' id='word_1_70' title='bbox 340 1413 493 1473; x_wconf 85' lang='lat' dir='ltr'>illam</span> <span class='ocrx_word' id='word_1_71' title='bbox 518 1413 1004 1494; x_wconf 83' lang='lat' dir='ltr'>conjunctionem:</span> <span class='ocrx_word' id='word_1_72' title='bbox 1030 1432 1157 1469; x_wconf 84' lang='lat' dir='ltr'>nam</span> <span class='ocrx_word' id='word_1_73' title='bbox 1178 1410 1361 1492; x_wconf 88' lang='lat' dir='ltr'>primo</span> <span class='ocrx_word' id='word_1_74' title='bbox 1380 1431 1495 1486; x_wconf 78' lang='lat' dir='ltr'>‚me</span> <span class='ocrx_word' id='word_1_75' title='bbox 1518 1409 1740 1491; x_wconf 83' lang='lat' dir='ltr'>judice,</span> <span class='ocrx_word' id='word_1_76' title='bbox 1767 1429 1916 1468; x_wconf 87' lang='lat' dir='ltr'>con-</span> 
     </span>
     <span class='ocr_line' id='line_1_14' title="bbox 341 1494 1918 1579; baseline -0.003 -21"><span class='ocrx_word' id='word_1_77' title='bbox 341 1500 605 1574; x_wconf 77' lang='lat' dir='ltr'>veniunt,</span> <span class='ocrx_word' id='word_1_78' title='bbox 648 1497 807 1579; x_wconf 85' lang='lat' dir='ltr'>quod</span> <span class='ocrx_word' id='word_1_79' title='bbox 854 1512 1161 1576; x_wconf 86' lang='lat' dir='ltr'>utrumque</span> <span class='ocrx_word' id='word_1_80' title='bbox 1204 1517 1413 1577; x_wconf 86' lang='lat' dir='ltr'>corpus</span> <span class='ocrx_word' id='word_1_81' title='bbox 1451 1511 1621 1554; x_wconf 86' lang='lat' dir='ltr'>testae</span> <span class='ocrx_word' id='word_1_82' title='bbox 1655 1518 1769 1554; x_wconf 92' lang='lat' dir='ltr'>non</span> <span class='ocrx_word' id='word_1_83' title='bbox 1809 1494 1918 1553; x_wconf 89' lang='lat' dir='ltr'>ad-</span> 
     </span>
     <span class='ocr_line' id='line_1_15' title="bbox 341 1576 1910 1661; baseline -0.005 -16"><span class='ocrx_word' id='word_1_84' title='bbox 341 1576 577 1646; x_wconf 78' lang='lat' dir='ltr'>haerens</span> <span class='ocrx_word' id='word_1_85' title='bbox 620 1607 631 1642; x_wconf 93' lang='lat'><strong>:</strong></span> <span class='ocrx_word' id='word_1_86' title='bbox 683 1581 926 1656; x_wconf 81' lang='lat' dir='ltr'>deinde,</span> <span class='ocrx_word' id='word_1_87' title='bbox 972 1580 1132 1661; x_wconf 84' lang='lat' dir='ltr'>quod</span> <span class='ocrx_word' id='word_1_88' title='bbox 1179 1597 1308 1640; x_wconf 90' lang='lat' dir='ltr'>octo</span> <span class='ocrx_word' id='word_1_89' title='bbox 1363 1581 1599 1639; x_wconf 80' lang='lat' dir='ltr'>brachia</span> <span class='ocrx_word' id='word_1_90' title='bbox 1661 1581 1910 1639; x_wconf 84' lang='lat' dir='ltr'>habent:</span> 
     </span>
     <span class='ocr_line' id='line_1_16' title="bbox 339 1665 1916 1753; baseline -0.004 -23"><span class='ocrx_word' id='word_1_91' title='bbox 339 1692 538 1753; x_wconf 82' lang='lat' dir='ltr'>porrO,</span> <span class='ocrx_word' id='word_1_92' title='bbox 573 1666 734 1749; x_wconf 86' lang='lat' dir='ltr'>quod</span> <span class='ocrx_word' id='word_1_93' title='bbox 767 1687 968 1727; x_wconf 88' lang='lat' dir='ltr'>saccus</span> <span class='ocrx_word' id='word_1_94' title='bbox 1011 1687 1254 1745; x_wconf 85' lang='lat' dir='ltr'>superne</span> <span class='ocrx_word' id='word_1_95' title='bbox 1283 1686 1414 1723; x_wconf 87' lang='lat' dir='ltr'>eum</span> <span class='ocrx_word' id='word_1_96' title='bbox 1437 1666 1685 1724; x_wconf 86' lang='lat' dir='ltr'>brachiis</span> <span class='ocrx_word' id='word_1_97' title='bbox 1727 1665 1916 1725; x_wconf 80' lang='lat' dir='ltr'>conti-</span> 
     </span>
     <span class='ocr_line' id='line_1_17' title="bbox 339 1750 1915 1832; baseline -0.004 -17"><span class='ocrx_word' id='word_1_98' title='bbox 339 1778 491 1815; x_wconf 88' lang='lat' dir='ltr'>nuus</span> <span class='ocrx_word' id='word_1_99' title='bbox 518 1770 624 1815; x_wconf 88' lang='lat' dir='ltr'>est:</span> <span class='ocrx_word' id='word_1_100' title='bbox 659 1752 887 1812; x_wconf 84' lang='lat' dir='ltr'>tandem</span> <span class='ocrx_word' id='word_1_101' title='bbox 912 1750 1070 1832; x_wconf 85' lang='lat' dir='ltr'>quod</span> <span class='ocrx_word' id='word_1_102' title='bbox 1097 1766 1362 1832; x_wconf 81' lang='lat' dir='ltr'>apertura</span> <span class='ocrx_word' id='word_1_103' title='bbox 1383 1752 1586 1809; x_wconf 79' lang='lat' dir='ltr'>bursae</span> <span class='ocrx_word' id='word_1_104' title='bbox 1611 1753 1779 1811; x_wconf 71' lang='lat' dir='ltr'>valva</span> <span class='ocrx_word' id='word_1_105' title='bbox 1801 1773 1915 1809; x_wconf 87' lang='lat' dir='ltr'>non</span> 
     </span>
     <span class='ocr_line' id='line_1_18' title="bbox 340 1837 1914 1919; baseline -0.003 -18"><span class='ocrx_word' id='word_1_106' title='bbox 340 1842 617 1903; x_wconf 84' lang='lat' dir='ltr'>instructa</span> <span class='ocrx_word' id='word_1_107' title='bbox 646 1855 760 1914; x_wconf 81' lang='lat' dir='ltr'>est,</span> <span class='ocrx_word' id='word_1_108' title='bbox 799 1838 886 1898; x_wconf 89' lang='lat' dir='ltr'>uti</span> <span class='ocrx_word' id='word_1_109' title='bbox 926 1838 986 1896; x_wconf 91' lang='lat' dir='ltr'>in</span> <span class='ocrx_word' id='word_1_110' title='bbox 1026 1839 1247 1916; x_wconf 68' lang='lat' dir='ltr'>Sepiis.</span> <span class='ocrx_word' id='word_1_111' title='bbox 1292 1837 1361 1894; x_wconf 90' lang='lat' dir='ltr'>In</span> <span class='ocrx_word' id='word_1_112' title='bbox 1403 1852 1703 1919; x_wconf 84' lang='lat' dir='ltr'>systemate</span> <span class='ocrx_word' id='word_1_113' title='bbox 1749 1859 1914 1913; x_wconf 79' lang='lat' dir='ltr'>vem,</span> 
     </span>
     <span class='ocr_line' id='line_1_19' title="bbox 341 1922 1916 2009; baseline -0.003 -22"><span class='ocrx_word' id='word_1_114' title='bbox 341 1952 373 1987; x_wconf 92' lang='lat' dir='ltr'>a</span> <span class='ocrx_word' id='word_1_115' title='bbox 412 1926 851 2009; x_wconf 84' lang='lat' dir='ltr'>perfectioribus</span> <span class='ocrx_word' id='word_1_116' title='bbox 896 1923 970 1982; x_wconf 90' lang='lat' dir='ltr'>ad</span> <span class='ocrx_word' id='word_1_117' title='bbox 1011 1922 1426 2004; x_wconf 84' lang='lat' dir='ltr'>imperfectiora</span> <span class='ocrx_word' id='word_1_118' title='bbox 1462 1922 1723 1981; x_wconf 85' lang='lat' dir='ltr'>animalia</span> <span class='ocrx_word' id='word_1_119' title='bbox 1769 1939 1916 1982; x_wconf 88' lang='lat' dir='ltr'>tran-</span> 
     </span>
     <span class='ocr_line' id='line_1_20' title="bbox 342 2006 1914 2091; baseline -0.004 -18"><span class='ocrx_word' id='word_1_120' title='bbox 342 2006 568 2087; x_wconf 69' lang='lat' dir='ltr'>seunte,</span> <span class='ocrx_word' id='word_1_121' title='bbox 612 2011 949 2090; x_wconf 76' lang='lat' dir='ltr'>Octopodes</span> <span class='ocrx_word' id='word_1_122' title='bbox 1007 2012 1192 2091; x_wconf 87' lang='lat' dir='ltr'>primo</span> <span class='ocrx_word' id='word_1_123' title='bbox 1230 2011 1364 2068; x_wconf 89' lang='grc'>1000</span> <span class='ocrx_word' id='word_1_124' title='bbox 1401 2011 1596 2067; x_wconf 87' lang='lat' dir='ltr'>venire</span> <span class='ocrx_word' id='word_1_125' title='bbox 1622 2009 1831 2068; x_wconf 89' lang='lat' dir='ltr'>debent</span> <span class='ocrx_word' id='word_1_126' title='bbox 1859 2025 1914 2067; x_wconf 88' lang='lat' dir='ltr'>et</span> 
     </span>
     <span class='ocr_line' id='line_1_21' title="bbox 341 2095 1915 2182; baseline -0.004 -23"><span class='ocrx_word' id='word_1_127' title='bbox 341 2103 756 2182; x_wconf 73' lang='lat' dir='ltr'>Argonautae</span> <span class='ocrx_word' id='word_1_128' title='bbox 826 2096 1137 2178; x_wconf 86' lang='lat' dir='ltr'>posteriore</span> <span class='ocrx_word' id='word_1_129' title='bbox 1177 2097 1347 2170; x_wconf 83' lang='lat' dir='ltr'>loco⁷</span> <span class='ocrx_word' id='word_1_130' title='bbox 1396 2113 1462 2155; x_wconf 90' lang='lat' dir='ltr'>ut</span> <span class='ocrx_word' id='word_1_131' title='bbox 1527 2095 1632 2154; x_wconf 88' lang='lat' dir='ltr'>hac</span> <span class='ocrx_word' id='word_1_132' title='bbox 1698 2096 1915 2154; x_wconf 85' lang='lat' dir='ltr'>ratione</span> 
     </span>
     <span class='ocr_line' id='line_1_22' title="bbox 343 2180 1914 2260; baseline -0.003 -15"><span class='ocrx_word' id='word_1_133' title='bbox 343 2188 540 2245; x_wconf 88' lang='lat' dir='ltr'>melius</span> <span class='ocrx_word' id='word_1_134' title='bbox 614 2199 868 2243; x_wconf 87' lang='lat' dir='ltr'>servetur</span> <span class='ocrx_word' id='word_1_135' title='bbox 926 2182 1191 2242; x_wconf 86' lang='lat' dir='ltr'>transitus</span> <span class='ocrx_word' id='word_1_136' title='bbox 1253 2204 1286 2240; x_wconf 89' lang='lat' dir='ltr'>a</span> <span class='ocrx_word' id='word_1_137' title='bbox 1349 2180 1789 2260; x_wconf 72' lang='lat' dir='ltr'>Cephalopodis</span> <span class='ocrx_word' id='word_1_138' title='bbox 1838 2180 1914 2241; x_wconf 89' lang='lat' dir='ltr'>ad</span> 
     </span>
     <span class='ocr_line' id='line_1_23' title="bbox 352 2267 1915 2350; baseline -0.003 -21"><span class='ocrx_word' id='word_1_139' title='bbox 352 2273 407 2328; x_wconf 87' lang='lat' dir='ltr'><em>T</em></span> <span class='ocrx_word' id='word_1_140' title='bbox 404 2270 792 2348; x_wconf 76' lang='lat' dir='ltr'>rachelipoda</span> <span class='ocrx_word' id='word_1_141' title='bbox 830 2271 970 2329; x_wconf 62' lang='lat' dir='ltr'>testa</span> <span class='ocrx_word' id='word_1_142' title='bbox 1031 2271 1484 2350; x_wconf 74' lang='lat' dir='ltr'>Argonautae,</span> <span class='ocrx_word' id='word_1_143' title='bbox 1547 2289 1694 2349; x_wconf 89' lang='lat' dir='ltr'>quae</span> <span class='ocrx_word' id='word_1_144' title='bbox 1739 2267 1915 2326; x_wconf 89' lang='lat' dir='ltr'>unica</span> 
     </span>
     <span class='ocr_line' id='line_1_24' title="bbox 344 2352 1914 2434; baseline -0.003 -18"><span class='ocrx_word' id='word_1_145' title='bbox 344 2372 423 2416; x_wconf 82' lang='lat' dir='ltr'>est</span> <span class='ocrx_word' id='word_1_146' title='bbox 447 2378 514 2414; x_wconf 77' lang='lat' dir='ltr'>ex</span> <span class='ocrx_word' id='word_1_147' title='bbox 552 2356 662 2413; x_wconf 89' lang='lat' dir='ltr'>hoc</span> <span class='ocrx_word' id='word_1_148' title='bbox 712 2353 913 2414; x_wconf 83' lang='lat' dir='ltr'>ordine</span> <span class='ocrx_word' id='word_1_149' title='bbox 934 2372 1072 2414; x_wconf 85' lang='lat' dir='ltr'>testa</span> <span class='ocrx_word' id='word_1_150' title='bbox 1090 2401 1105 2429; x_wconf 85' lang='lat'>,</span> <span class='ocrx_word' id='word_1_151' title='bbox 1135 2376 1281 2434; x_wconf 87' lang='lat' dir='ltr'>quae</span> <span class='ocrx_word' id='word_1_152' title='bbox 1303 2354 1358 2412; x_wconf 91' lang='lat' dir='ltr'>in</span> <span class='ocrx_word' id='word_1_153' title='bbox 1384 2369 1667 2412; x_wconf 87' lang='lat' dir='ltr'>structura</span> <span class='ocrx_word' id='word_1_154' title='bbox 1696 2352 1914 2412; x_wconf 85' lang='lat' dir='ltr'>interna</span> 
     </span>
     <span class='ocr_line' id='line_1_25' title="bbox 346 2438 1608 2518; baseline -0.006 -15"><span class='ocrx_word' id='word_1_155' title='bbox 346 2454 477 2503; x_wconf 81' lang='lat' dir='ltr'>cufn</span> <span class='ocrx_word' id='word_1_156' title='bbox 516 2442 670 2500; x_wconf 88' lang='lat' dir='ltr'>testis</span> <span class='ocrx_word' id='word_1_157' title='bbox 708 2441 1274 2518; x_wconf 68' lang='lat' dir='ltr'>Trachalipodoram</span> <span class='ocrx_word' id='word_1_158' title='bbox 1316 2438 1608 2498; x_wconf 78' lang='lat' dir='ltr'>convenit.</span> 
     </span>
    </p>
   </div>
   <div class='ocr_carea' id='block_1_3' title="bbox 345 2543 1912 3057">
    <p class='ocr_par' dir='ltr' id='par_1_4' title="bbox 345 2543 1912 3057">
     <span class='ocr_line' id='line_1_26' title="bbox 433 2543 1912 2626; baseline -0.001 -21"><span class='ocrx_word' id='word_1_159' title='bbox 433 2545 856 2626; x_wconf 76' lang='lat' dir='ltr'>Cephalopoda</span> <span class='ocrx_word' id='word_1_160' title='bbox 886 2547 1321 2605; x_wconf 75' lang='lat' dir='ltr'>Adhaerentia</span> <span class='ocrx_word' id='word_1_161' title='bbox 1360 2543 1434 2602; x_wconf 86' lang='lat' dir='ltr'>N.</span> <span class='ocrx_word' id='word_1_162' title='bbox 1477 2566 1750 2626; x_wconf 82' lang='lat' dir='ltr'>magnum</span> <span class='ocrx_word' id='word_1_163' title='bbox 1804 2566 1912 2626; x_wconf 83' lang='lat' dir='ltr'>ge-</span> 
     </span>
     <span class='ocr_line' id='line_1_27' title="bbox 346 2628 1910 2712; baseline -0.001 -21"><span class='ocrx_word' id='word_1_164' title='bbox 346 2655 542 2692; x_wconf 87' lang='lat' dir='ltr'>nerum</span> <span class='ocrx_word' id='word_1_165' title='bbox 614 2653 911 2690; x_wconf 88' lang='lat' dir='ltr'>numerum</span> <span class='ocrx_word' id='word_1_166' title='bbox 983 2628 1471 2712; x_wconf 87' lang='lat' dir='ltr'>comprehendunt</span> <span class='ocrx_word' id='word_1_167' title='bbox 1507 2676 1523 2706; x_wconf 84' lang='grc'>,</span> <span class='ocrx_word' id='word_1_168' title='bbox 1590 2651 1735 2711; x_wconf 89' lang='lat' dir='ltr'>quae</span> <span class='ocrx_word' id='word_1_169' title='bbox 1775 2645 1910 2710; x_wconf 89' lang='lat' dir='ltr'>apto</span> 
     </span>
     <span class='ocr_line' id='line_1_28' title="bbox 345 2714 1910 2800; baseline -0.001 -24"><span class='ocrx_word' id='word_1_170' title='bbox 345 2718 513 2776; x_wconf 86' lang='lat' dir='ltr'>modo</span> <span class='ocrx_word' id='word_1_171' title='bbox 542 2717 840 2797; x_wconf 89' lang='lat' dir='ltr'>disponere</span> <span class='ocrx_word' id='word_1_172' title='bbox 884 2738 997 2778; x_wconf 90' lang='lat' dir='ltr'>non</span> <span class='ocrx_word' id='word_1_173' title='bbox 1036 2719 1161 2777; x_wconf 85' lang='lat' dir='ltr'>leve</span> <span class='ocrx_word' id='word_1_174' title='bbox 1199 2717 1488 2800; x_wconf 82' lang='lat' dir='ltr'>negotium</span> <span class='ocrx_word' id='word_1_175' title='bbox 1513 2731 1611 2774; x_wconf 89' lang='lat' dir='ltr'>est.</span> <span class='ocrx_word' id='word_1_176' title='bbox 1644 2714 1910 2794; x_wconf 86' lang='lat' dir='ltr'>Optimus</span> 
     </span>
     <span class='ocr_line' id='line_1_29' title="bbox 346 2800 1911 2886; baseline -0.003 -23"><span class='ocrx_word' id='word_1_177' title='bbox 346 2824 482 2863; x_wconf 87' lang='lat' dir='ltr'>vero</span> <span class='ocrx_word' id='word_1_178' title='bbox 514 2803 803 2862; x_wconf 86' lang='lat' dir='ltr'>character</span> <span class='ocrx_word' id='word_1_179' title='bbox 824 2851 840 2882; x_wconf 73' lang='lat'><em>⁷</em></span> <span class='ocrx_word' id='word_1_180' title='bbox 863 2825 892 2862; x_wconf 87' lang='lat' dir='ltr'>e</span> <span class='ocrx_word' id='word_1_181' title='bbox 922 2824 1040 2886; x_wconf 85' lang='lat' dir='ltr'>quo</span> <span class='ocrx_word' id='word_1_182' title='bbox 1063 2801 1267 2863; x_wconf 88' lang='lat' dir='ltr'>divisio</span> <span class='ocrx_word' id='word_1_183' title='bbox 1291 2800 1624 2862; x_wconf 85' lang='lat' dir='ltr'>secundaria</span> <span class='ocrx_word' id='word_1_184' title='bbox 1659 2800 1911 2859; x_wconf 83' lang='lat' dir='ltr'>desumi-</span> 
     </span>
     <span class='ocr_line' id='line_1_30' title="bbox 346 2888 1910 2969; baseline -0.001 -22"><span class='ocrx_word' id='word_1_185' title='bbox 346 2905 473 2961; x_wconf 81' lang='lat' dir='ltr'>tur,</span> <span class='ocrx_word' id='word_1_186' title='bbox 502 2889 664 2947; x_wconf 87' lang='lat' dir='ltr'>nobis</span> <span class='ocrx_word' id='word_1_187' title='bbox 691 2888 918 2948; x_wconf 86' lang='lat' dir='ltr'>videtur</span> <span class='ocrx_word' id='word_1_188' title='bbox 941 2910 1208 2969; x_wconf 84' lang='lat' dir='ltr'>sequens:</span> <span class='ocrx_word' id='word_1_189' title='bbox 1237 2891 1417 2966; x_wconf 77' lang='lat' dir='ltr'>Septa</span> <span class='ocrx_word' id='word_1_190' title='bbox 1455 2888 1703 2965; x_wconf 77' lang='lat' dir='ltr'>siphone</span> <span class='ocrx_word' id='word_1_191' title='bbox 1733 2890 1910 2945; x_wconf 77' lang='lat' dir='ltr'>unico</span> 
     </span>
     <span class='ocr_line' id='line_1_31' title="bbox 348 2974 1905 3057; baseline -0.003 -22"><span class='ocrx_word' id='word_1_192' title='bbox 348 2978 448 3035; x_wconf 78' lang='lat' dir='ltr'>vel</span> <span class='ocrx_word' id='word_1_193' title='bbox 463 2976 748 3055; x_wconf 77' lang='lat' dir='ltr'>pluribus</span> <span class='ocrx_word' id='word_1_194' title='bbox 782 2974 1093 3057; x_wconf 78' lang='lat' dir='ltr'>perforata</span> <span class='ocrx_word' id='word_1_195' title='bbox 1135 2991 1190 3034; x_wconf 90' lang='lat' dir='ltr'>et</span> <span class='ocrx_word' id='word_1_196' title='bbox 1231 2977 1411 3054; x_wconf 79' lang='lat' dir='ltr'>Septa</span> <span class='ocrx_word' id='word_1_197' title='bbox 1453 2975 1701 3053; x_wconf 73' lang='lat' dir='ltr'>siphone</span> <span class='ocrx_word' id='word_1_198' title='bbox 1740 2974 1905 3031; x_wconf 80' lang='lat' dir='ltr'>nullo</span> 
     </span>
    </p>
   </div>
  </div>
 </body>
</html>
