2106 3665
869 437 939 463 -τ
1643 414 1677 474 5

138 538 362 599 culosus
411 539 578 598 totius
627 535 875 617 corporis
922 532 1335 617 longitudinem
1389 556 1636 617 aequans
1662 584 1677 610 ,

137 622 273 684 dum
292 624 384 684 illa
403 640 614 705 partem
633 638 845 681 tantum
873 619 1019 703 pede
1045 621 1371 681 instructam
1397 621 1676 690 habeant:

137 732 419 794 quamque
464 708 831 768 differentiam
872 706 952 766 sic
984 706 1229 788 explicat
1252 707 1588 780 Cnvmmns,
1619 724 1681 765 ut

135 818 193 854 m
229 796 518 877 prioribus
549 793 707 874 quasi
746 792 940 852 hernia
975 791 1218 875 quadam
1250 793 1490 852 naturali
1522 793 1683 851 intes-

135 881 250 939 tina
300 881 529 961 expulsa
571 879 714 950 sint,
773 901 922 962 quae
976 879 1035 938 in
1081 879 1486 960 posterioribus
1539 879 1682 937 intra

135 982 320 1025 cutem
362 966 715 1026 continentur
756 966 863 1045 (2).
909 964 1003 1024 Ad
1053 967 1111 1022 T
1102 966 1485 1044 rachelzpoda
1521 966 1681 1024 Lam

134 1051 316 1110 onmia
354 1051 633 1132 pertinent
667 1052 1267 1110 Pectinibranchiata
1306 1053 1684 1133 (Zoophaga

133 1137 289 1197 Lam.
307 1137 409 1216 )'et
433 1138 801 1197 Pulmonata
816 1138 962 1198 Cuv.
993 1138 1440 1219 (Phytophaga
1466 1138 1680 1215 Lam),

133 1240 363 1304 excepta
401 1239 584 1283 tamen
619 1223 833 1283 familia
858 1224 1377 1284 Limaco‘z'deorum
1399 1247 1417 1283 .·
1447 1238 1689 1296 caetera,

131 1310 656 1370 Nudibranclziata
676 1309 822 1372 Cuv.
861 1310 883 1391 (
915 1311 1290 1369 Tritoniacea
1308 1311 1467 1369 Lam.
1491 1311 1538 1387 ),
1572 1309 1688 1366 In·-

122 1394 616 1475 ferobranchiata
638 1441 659 1467 ,
713 1398 1234 1455 Tectibranclziata
1254 1440 1275 1466 ‚
1338 1397 1690 1454 Scutibrczn-

133 1482 355 1551 chiam,
368 1481 926 1560 Cyclobrcmchiata,
947 1483 1319 1541 LAMARCKms
1339 1481 1446 1540 sub
1467 1480 1688 1537 nomine

139 1565 677 1644 Gasteropodorum
713 1566 1028 1649 conjunxit.
1067 1567 1132 1623 In
1173 1566 1348 1646 hujus
1395 1561 1687 1622 divisionis

134 1651 607 1709 confirmationem
635 1650 955 1709 addendum
986 1665 1067 1705 est
1100 1648 1507 1724 Gasteropoda
1534 1649 1689 1706 Lam.

134 1735 321 1793 omnia
361 1755 524 1792 sexus
560 1755 676 1792 esse
715 1729 1196 1811 hermaphroditi,
1237 1730 1374 1790 dum
1424 1733 1691 1791 Trache-

131 1819 335 1898 lipoda
365 1820 699 1899 Zoophaga
716 1819 873 1874 Lam.
899 1817 1393 1896 illum-separatum
1413 1815 1654 1875 habeant
1676 1839 1690 1876 ε

134 1905 275 1962 inter
317 1920 554 1984 utraque
608 1904 848 1963 locanda
894 1918 1063 1977 sunt,
1104 1917 1300 1983 utpote
1342 1902 1500 1984 quod
1530 1917 1689 1961 tran-

135 1991 297 2048 situm
325 1989 560 2062 faciunt,
582 1991 950 2047 Pulmonata
967 1988 1107 2048 Cuv.
1113 2010 1319 2070 ‚quae‚
1343 1989 1601 2070 quamvis
1616 1988 1690 2048 ad

144 2076 575 2153 Trachalipoda
617 2076 931 2156 pertineant
976 2075 1289 2134 secundum
1339 2073 1690 2134 characteres

135 2178 459 2220 memoratos
487 2207 510 2233 ,
567 2178 750 2220 tamen
797 2153 1360 2258 hermaphroditismo
1414 2159 1689 2244 gaudent.

141 2279 213 2291 —-—
240 2247 455 2306 Deinde
493 2249 868 2307 LAMARCKIUS
908 2248 1163 2328 quintam
1206 2247 1439 2307 classem
1481 2246 1693 2306 consti-

136 2331 244 2390 tuit
288 2334 394 2391 sub
442 2334 663 2392 nomine
710 2334 1233 2412 Heteropodoram
1279 2354 1344 2392 ex
1390 2331 1693 2416 generibus

143 2416 476 2491 Carinaria,
500 2420 966 2479 Pterotmchaea
1006 2436 1060 2478 et
1087 2420 1488 2497 Phyllirrhoe'
1510 2418 1690 2499 iisque

138 2502 330 2561 seriem
372 2506 810 2564 Mollascoram
855 2504 1054 2587 incipit
1086 2527 1100 2563 τ
1134 2504 1568 2583 Cephalopo'dis
1596 2503 1693 2559 illa

137 2589 474 2666 perfectiora
512 2590 711 2650 habuit
750 2609 981 2672 propter
1010 2591 1337 2672 positionem
1368 2589 1692 2646 horizonta-

135 2672 245 2730 lem
300 2673 358 2730 in
417 2676 662 2734 natando
685 2719 700 2749 ,
756 2692 986 2757 propter
1046 2676 1244 2755 pinnas
1308 2672 1690 2753 irregulariter

139 2757 431 2840 dispositas
470 2774 523 2817 et
564 2760 792 2841 quidem
832 2760 1054 2840 putavit
1092 2760 1185 2818 illa
1215 2757 1502 2818 transitum
1533 2779 1689 2840 prae·-

136 2966 138 2969 ’
210 2947 299 3011 (2)
336 2943 459 2998 Vid·
505 2943 778 2997 Memoires
805 2963 940 3015 pour
991 2943 1149 2996 servir
1197 2944 1224 2993 a
1270 2939 1530 2995 l’Histoire
1570 2955 1618 2995 et
1657 2945 1684 2994 ὲ

136 3015 445 3071 l’Anatomie
479 3016 565 3071 des
602 3017 917 3090 Mollusques
937 3018 1125 3089 ‚Meme
1153 3016 1242 3071 XI.
1280 3016 1370 3071 sur
1402 3015 1450 3071 la
1484 3017 1689 3088 Limage

140 3106 187 3146 et
222 3090 269 3147 le
305 3091 636 3164 Colimacon,
674 3112 787 3166 pag.
832 3094 883 3147 5.
