2106 3665
363 411 445 487 44
1097 436 1168 463 =

449 536 578 596 Non
614 536 821 613 minuS,
869 558 1039 618 quam
1109 536 1178 595 13
1222 556 1452 618 genera,
1491 533 1586 594 hic
1630 535 1916 594 constituit

364 623 779 684 MONTFORTms
821 644 850 681 e
893 621 1076 693 testiS,
1126 644 1275 704 quae
1315 642 1504 680 omnes
1554 621 1917 679 Belemnitz's

362 708 812 769 annumerandae
847 705 1127 768 videntur.
1152 708 1313 768 Ratio
1342 729 1501 778 vero,
1526 708 1639 787 qua
1678 707 1753 766 ita
1777 706 1914 788 egit,

362 816 474 855 non
522 810 734 854 tantum
762 793 1084 876 quaerenda
1127 794 1289 854 estin
1330 794 1603 852 illimitato
1643 812 1917 874 generum

362 880 917 962 multiplicandorum
955 878 1259 953 desiderio,
1302 879 1398 940 sed
1442 879 1605 937 etiam
1652 880 1708 936 in
1769 877 1915 936 cha-

361 968 694 1041 racteribus,
718 988 860 1049 qnos
880 966 951 1026 de
966 967 1074 1027 hoc
1091 988 1295 1050 genere
1309 966 1524 1048 primus
1543 965 1916 1023 LAMARcKms

364 1053 624 1134 exposuit
650 1053 706 1110 in
735 1055 936 1112 Actis
974 1054 1292 1112 Societatis
1337 1052 1657 1110 Historiae
1702 1050 1774 1108 N
1774 1059 1915 1107 atu-

362 1142 511 1196 ralis
554 1139 968 1198 Parisiensis:
1014 1138 1116 1220 qui
1168 1154 1336 1214 tunc,
1388 1139 1444 1194 in
1490 1136 1574 1194 his
1616 1134 1761 1194 notis
1802 1156 1917 1216 ge·-

359 1225 564 1284 nericis
604 1224 1056 1299 conscribendis,
1103 1240 1315 1283 tantum
1361 1221 1636 1303 spectavit
1680 1221 1917 1277 Belem-

361 1313 526 1367 m'ten
591 1323 996 1370 mucronatum
1039 1311 1484 1382 Sano‘rHEimn,
1534 1327 1719 1388 neque
1782 1305 1923 1364 alias

360 1394 576 1474 species
615 1396 916 1455 consuluit.
975 1396 1153 1455 Notae
1191 1417 1325 1455 vero
1382 1394 1541 1468 illae,
1598 1412 1770 1472 supra
1815 1411 1920 1450 suo

359 1481 488 1538 loco
512 1497 873 1555 memoratae,
907 1481 1163 1563 sequenti
1189 1481 1357 1539 modo
1380 1501 1435 1537 se
1468 1478 1703 1537 habeut:
1735 1477 1915 1534 Testa

360 1576 561 1636 reeta,
605 1566 887 1645 elongata
908 1608 930 1636 ,
975 1569 1184 1623 conica
1191 1610 1216 1636 ,
1267 1575 1481 1637 acuta,
1527 1564 1732 1620 canali
1765 1562 1918 1618 late-
1956 1627 1960 1631 ¹

360 1652 476 1708 ruli
497 1653 786 1709 instructa
806 1672 823 1707 .·
849 1653 1079 1708 loculus
1103 1652 1314 1708 unicus
1317 1694 1339 1719 ,
1372 1651 1642 1719 conicuS,
1667 1649 1923 1705 anterio·

362 1738 528 1794 ribus
557 1746 853 1812 septorum
890 1747 1162 1793 contactu
1189 1735 1421 1792 deletis.
1469 1733 1715 1792 Maximo
1744 1733 1921 1813 igitur

362 1822 486 1902 jure
510 1822 931 1878 PARKmsons
960 1820 1081 1878 illos
1106 1819 1456 1877 characteres
1471 1864 1486 1893 ,
1508 1818 1770 1876 omnibus
1789 1839 1923 1897 spe-

365 1906 560 1964 ciebus
584 1905 877 1981 consultiS,
902 1905 985 1963 uti
1024 1926 1196 1985 supra
1220 1904 1491 1979 vidimus,
1532 1903 1589 1961 in
1619 1919 1919 1983 sequentes

364 1990 705 2066 immutavit,
761 2011 1016 2072 quosque
1060 1989 1154 2048 hic
1198 1989 1502 2072 repetimus
1536 2035 1551 2065 ,
1595 2006 1657 2046 ut
1700 1987 1924 2047 facilior

364 2076 495 2135 inde
540 2092 827 2135 enascatur
883 2075 1263 2157 comparatio:
1326 2076 1506 2132 Testa
1562 2076 1773 2132 conica
1825 2075 1925 2132 vel

353 2161 740 2244 fusiformiS,
784 2163 870 2219 ad
898 2173 1134 2241 partem
1178 2163 1542 2240 superiorem
1571 2162 1636 2217 in
1670 2181 1920 2218 acumen

363 2251 708 2318 terminata,
746 2249 830 2306 ad
854 2259 1091 2326 partem
1121 2247 1467 2325 inferiorem
1516 2248 1762 2316 conica,
1801 2267 1920 2303 ex-

365 2344 619 2392 cavata:
667 2336 894 2392 cavitas
942 2336 1216 2392 nucleum
1242 2334 1552 2391 continens
1591 2333 1656 2390 in
1692 2333 1923 2390 locula-

365 2429 563 2477 menta
612 2420 909 2478 divisum:
959 2422 1144 2497 septis
1190 2418 1703 2497 plano-concavis
1730 2427 1789 2473 et
1833 2419 1921 2474 si-

352 2506 558 2582 phone
579 2505 930 2587 perforatis.
977 2505 1120 2563 Nam
1139 2550 1155 2579 ,
1191 2503 1476 2586 prioribus
1505 2522 1634 2560 cum
1683 2500 1769 2560 his
1797 2503 1922 2562 col-

365 2590 525 2664 latis,
574 2590 831 2652 videmus
865 2607 983 2649 tum
1027 2590 1216 2650 nuclei
1260 2589 1464 2648 interni
1499 2603 1668 2647 testae
1708 2587 1919 2646 nullam

367 2676 635 2735 rationem
693 2676 957 2736 habuisse
1026 2678 1454 2750 LAMARcKmM,
1500 2689 1620 2733 tum
1686 2672 1921 2730 maxime

369 2759 557 2819 affines
601 2763 811 2843 species
847 2762 1175 2837 exclusisse,
1227 2783 1404 2845 quum
1443 2760 1549 2818 hae
1594 2757 1772 2815 canali
1822 2757 1921 2817 illo

368 2846 583 2904 laterali
645 2847 881 2906 donatae
946 2870 1057 2907 non
1108 2848 1232 2907 sint.
1291 2848 1664 2906 LAMARCKIUS
1726 2859 1921 2922 postea

370 2945 554 2990 tamen
582 2931 639 2989 in
676 2933 904 2993 laudato
947 2954 1115 3014 opere
1154 2934 1368 3012 priores
1411 2931 1533 2988 illos
1572 2927 1921 2990 characteres

371 3015 688 3078 immutavit
723 3034 778 3077 et
822 3039 927 3099 pro
977 3017 1212 3077 maxima
1253 3012 1750 3099 parte-secundum
1781 3036 1921 3074 nor-
