<?xml version="1.0" encoding="UTF-8"?>
<!DOCTYPE html PUBLIC "-//W3C//DTD XHTML 1.0 Transitional//EN"
    "http://www.w3.org/TR/xhtml1/DTD/xhtml1-transitional.dtd">
<html xmlns="http://www.w3.org/1999/xhtml" xml:lang="en" lang="en">
 <head>
  <title>
</title>
<meta http-equiv="Content-Type" content="text/html;charset=utf-8" />
  <meta name='ocr-system' content='tesseract 3.04.00' />
  <meta name='ocr-capabilities' content='ocr_page ocr_carea ocr_par ocr_line ocrx_word'/>
</head>
<body>
  <div class='ocr_page' id='page_1' title='image "./monographiaeammo00haan_0034.png"; bbox 0 0 2106 3665; ppageno 0'>
   <div class='ocr_carea' id='block_1_1' title="bbox 377 451 1196 487">
    <p class='ocr_par' dir='ltr' id='par_1_1' title="bbox 377 451 1196 487">
     <span class='ocr_line' id='line_1_1' title="bbox 377 451 1196 487; baseline -0.009 0"><span class='ocrx_word' id='word_1_1' title='bbox 377 451 454 487; x_wconf 83' lang='lat'>22</span> <span class='ocrx_word' id='word_1_2' title='bbox 1125 453 1196 480; x_wconf 67' lang='lat' dir='ltr'>z:</span> 
     </span>
    </p>
   </div>
   <div class='ocr_carea' id='block_1_2' title="bbox 337 529 1940 1214">
    <p class='ocr_par' dir='ltr' id='par_1_2' title="bbox 337 529 1939 1045">
     <span class='ocr_line' id='line_1_2' title="bbox 372 529 1934 614; baseline -0.002 -21"><span class='ocrx_word' id='word_1_3' title='bbox 372 533 647 593; x_wconf 67' lang='lat' dir='ltr'>Miliolis</span> <span class='ocrx_word' id='word_1_4' title='bbox 671 578 687 608; x_wconf 80' lang='grc'>,</span> <span class='ocrx_word' id='word_1_5' title='bbox 725 543 922 614; x_wconf 80' lang='lat' dir='ltr'>utpote.</span> <span class='ocrx_word' id='word_1_6' title='bbox 944 532 1107 591; x_wconf 83' lang='lat' dir='ltr'>etiam</span> <span class='ocrx_word' id='word_1_7' title='bbox 1134 530 1304 614; x_wconf 83' lang='lat' dir='ltr'><strong>septis</strong></span> <span class='ocrx_word' id='word_1_8' title='bbox 1348 529 1580 589; x_wconf 83' lang='lat' dir='ltr'>internis</span> <span class='ocrx_word' id='word_1_9' title='bbox 1603 529 1836 606; x_wconf 80' lang='lat' dir='ltr'>orbatis,</span> <span class='ocrx_word' id='word_1_10' title='bbox 1861 531 1934 590; x_wconf 89' lang='lat' dir='ltr'>ab</span> 
     </span>
     <span class='ocr_line' id='line_1_3' title="bbox 367 618 1936 700; baseline 0 -23"><span class='ocrx_word' id='word_1_11' title='bbox 367 620 476 679; x_wconf 86' lang='lat' dir='ltr'>alia</span> <span class='ocrx_word' id='word_1_12' title='bbox 512 641 648 678; x_wconf 81' lang='lat' dir='ltr'>vero</span> <span class='ocrx_word' id='word_1_13' title='bbox 692 619 749 678; x_wconf 87' lang='lat' dir='ltr'>in</span> <span class='ocrx_word' id='word_1_14' title='bbox 794 619 988 700; x_wconf 83' lang='lat' dir='ltr'>primis</span> <span class='ocrx_word' id='word_1_15' title='bbox 1023 639 1152 678; x_wconf 89' lang='lat' dir='ltr'>cum</span> <span class='ocrx_word' id='word_1_16' title='bbox 1189 618 1617 690; x_wconf 63' lang='grc' dir='ltr'>Ναῃῃηαίἱίίδ,</span> <span class='ocrx_word' id='word_1_17' title='bbox 1644 637 1677 672; x_wconf 88' lang='lat' dir='ltr'>a</span> <span class='ocrx_word' id='word_1_18' title='bbox 1724 618 1936 697; x_wconf 85' lang='lat' dir='ltr'>quibus</span> 
     </span>
     <span class='ocr_line' id='line_1_4' title="bbox 337 701 1936 786; baseline -0.001 -23"><span class='ocrx_word' id='word_1_19' title='bbox 337 720 654 786; x_wconf 83' lang='lat' dir='ltr'>septorum</span> <span class='ocrx_word' id='word_1_20' title='bbox 705 719 1197 767; x_wconf 82' lang='lat' dir='ltr'>concatenatorum</span> <span class='ocrx_word' id='word_1_21' title='bbox 1261 704 1492 764; x_wconf 86' lang='lat' dir='ltr'>defectu</span> <span class='ocrx_word' id='word_1_22' title='bbox 1543 701 1817 761; x_wconf 82' lang='lat' dir='ltr'>differunt</span> <span class='ocrx_word' id='word_1_23' title='bbox 1883 719 1936 761; x_wconf 83' lang='lat' dir='ltr'>et</span> 
     </span>
     <span class='ocr_line' id='line_1_5' title="bbox 366 788 1938 873; baseline -0.002 -25"><span class='ocrx_word' id='word_1_24' title='bbox 366 790 464 866; x_wconf 85' lang='lat' dir='ltr'>hi,</span> <span class='ocrx_word' id='word_1_25' title='bbox 511 814 598 849; x_wconf 88' lang='lat' dir='ltr'>me</span> <span class='ocrx_word' id='word_1_26' title='bbox 639 790 870 873; x_wconf 78' lang='lat' dir='ltr'>judice,</span> <span class='ocrx_word' id='word_1_27' title='bbox 924 792 1095 849; x_wconf 88' lang='lat' dir='ltr'>solam</span> <span class='ocrx_word' id='word_1_28' title='bbox 1143 809 1394 851; x_wconf 85' lang='lat' dir='ltr'>catenam</span> <span class='ocrx_word' id='word_1_29' title='bbox 1455 788 1764 870; x_wconf 77' lang='lat' dir='ltr'><strong>praebent,</strong></span> <span class='ocrx_word' id='word_1_30' title='bbox 1822 809 1938 868; x_wconf 87' lang='lat' dir='ltr'>qua</span> 
     </span>
     <span class='ocr_line' id='line_1_6' title="bbox 372 874 1939 958; baseline -0.001 -24"><span class='ocrx_word' id='word_1_31' title='bbox 372 879 588 953; x_wconf 75' lang='lat' dir='ltr'>Sepiae</span> <span class='ocrx_word' id='word_1_32' title='bbox 651 897 782 934; x_wconf 89' lang='lat' dir='ltr'>cum</span> <span class='ocrx_word' id='word_1_33' title='bbox 850 876 1083 958; x_wconf 83' lang='lat' dir='ltr'>reliquis</span> <span class='ocrx_word' id='word_1_34' title='bbox 1149 876 1588 957; x_wconf 76' lang='lat' dir='ltr'>Cephalopoclis</span> <span class='ocrx_word' id='word_1_35' title='bbox 1653 874 1939 934; x_wconf 85' lang='lat' dir='ltr'>fossilibus</span> 
     </span>
     <span class='ocr_line' id='line_1_7' title="bbox 372 962 937 1045; baseline 0 -24"><span class='ocrx_word' id='word_1_36' title='bbox 372 962 647 1045; x_wconf 84' lang='lat' dir='ltr'>conjungi</span> <span class='ocrx_word' id='word_1_37' title='bbox 680 978 937 1043; x_wconf 87' lang='lat' dir='ltr'>possunt.</span> 
     </span>
    </p>

    <p class='ocr_par' dir='ltr' id='par_1_3' title="bbox 370 1044 1940 1214">
     <span class='ocr_line' id='line_1_8' title="bbox 456 1044 1940 1131; baseline 0.001 -26"><span class='ocrx_word' id='word_1_38' title='bbox 456 1047 629 1108; x_wconf 83' lang='lat' dir='ltr'>Hisce</span> <span class='ocrx_word' id='word_1_39' title='bbox 658 1048 1033 1131; x_wconf 76' lang='lat' dir='ltr'>computati5‚</span> <span class='ocrx_word' id='word_1_40' title='bbox 1059 1069 1299 1131; x_wconf 86' lang='lat' dir='ltr'>sequens</span> <span class='ocrx_word' id='word_1_41' title='bbox 1323 1047 1454 1106; x_wconf 83' lang='lat' dir='ltr'>inde</span> <span class='ocrx_word' id='word_1_42' title='bbox 1496 1046 1778 1106; x_wconf 80' lang='lat' dir='ltr'>enascitur</span> <span class='ocrx_word' id='word_1_43' title='bbox 1820 1044 1940 1106; x_wconf 84' lang='lat' dir='ltr'>dis-</span> 
     </span>
     <span class='ocr_line' id='line_1_9' title="bbox 370 1134 603 1214; baseline 0.015 -23"><span class='ocrx_word' id='word_1_44' title='bbox 370 1134 603 1214; x_wconf 84' lang='lat' dir='ltr'>positio:</span> 
     </span>
    </p>
   </div>
   <div class='ocr_carea' id='block_1_3' title="bbox 373 1237 1481 1303">
    <p class='ocr_par' dir='ltr' id='par_1_4' title="bbox 373 1237 1481 1303">
     <span class='ocr_line' id='line_1_10' title="bbox 373 1237 1481 1303; baseline 0.001 -19"><span class='ocrx_word' id='word_1_45' title='bbox 373 1237 413 1284; x_wconf 91' lang='lat' dir='ltr'>I.</span> <span class='ocrx_word' id='word_1_46' title='bbox 449 1238 641 1286; x_wconf 85' lang='lat' dir='ltr'>Animal</span> <span class='ocrx_word' id='word_1_47' title='bbox 677 1249 821 1287; x_wconf 82' lang='lat' dir='ltr'>testae</span> <span class='ocrx_word' id='word_1_48' title='bbox 851 1239 1087 1287; x_wconf 86' lang='lat' dir='ltr'>inclusum</span> <span class='ocrx_word' id='word_1_49' title='bbox 1124 1237 1203 1288; x_wconf 86' lang='lat' dir='ltr'>vel</span> <span class='ocrx_word' id='word_1_50' title='bbox 1234 1237 1481 1303; x_wconf 84' lang='lat' dir='ltr'>ligamenti</span> 
     </span>
    </p>
   </div>
   <div class='ocr_carea' id='block_1_4' title="bbox 435 1304 1943 1525">
    <p class='ocr_par' dir='ltr' id='par_1_5' title="bbox 435 1304 1943 1525">
     <span class='ocr_line' id='line_1_11' title="bbox 435 1304 1943 1370; baseline 0.003 -19"><span class='ocrx_word' id='word_1_51' title='bbox 435 1322 522 1370; x_wconf 82' lang='lat' dir='ltr'>ope</span> <span class='ocrx_word' id='word_1_52' title='bbox 562 1316 706 1354; x_wconf 85' lang='lat' dir='ltr'>testae</span> <span class='ocrx_word' id='word_1_53' title='bbox 760 1304 1051 1354; x_wconf 75' lang='lat' dir='ltr'>adhaerens·</span> <span class='ocrx_word' id='word_1_54' title='bbox 1071 1341 1462 1355; x_wconf 86' lang='grc'><strong>........</strong></span> <span class='ocrx_word' id='word_1_55' title='bbox 1477 1319 1943 1365; x_wconf 73' lang='lat' dir='ltr'><strong>ADHAERENTIA</strong></span> 
     </span>
     <span class='ocr_line' id='line_1_12' title="bbox 435 1390 1468 1460; baseline 0.002 -21"><span class='ocrx_word' id='word_1_56' title='bbox 435 1390 499 1458; x_wconf 89' lang='lat' dir='ltr'>A)</span> <span class='ocrx_word' id='word_1_57' title='bbox 542 1393 684 1459; x_wconf 88' lang='lat' dir='ltr'>Septa</span> <span class='ocrx_word' id='word_1_58' title='bbox 742 1392 942 1460; x_wconf 86' lang='lat' dir='ltr'>siphone</span> <span class='ocrx_word' id='word_1_59' title='bbox 983 1392 1167 1460; x_wconf 86' lang='lat' dir='ltr'>duplici</span> <span class='ocrx_word' id='word_1_60' title='bbox 1208 1394 1284 1443; x_wconf 80' lang='lat' dir='ltr'>vel</span> <span class='ocrx_word' id='word_1_61' title='bbox 1329 1394 1468 1441; x_wconf 90' lang='lat' dir='ltr'>unico</span> 
     </span>
     <span class='ocr_line' id='line_1_13' title="bbox 572 1461 1942 1525; baseline 0.002 -18"><span class='ocrx_word' id='word_1_62' title='bbox 572 1472 763 1525; x_wconf 78' lang='lat' dir='ltr'>pertusa</span> <span class='ocrx_word' id='word_1_63' title='bbox 833 1496 1467 1510; x_wconf 86' lang='grc'><strong>............</strong></span> <span class='ocrx_word' id='word_1_64' title='bbox 1495 1462 1838 1511; x_wconf 81' lang='lat' dir='ltr'><strong>SIPHONOIDEA.</strong></span> <span class='ocrx_word' id='word_1_65' title='bbox 1879 1461 1942 1510; x_wconf 90' lang='lat' dir='ltr'>N.</span> 
     </span>
    </p>
   </div>
   <div class='ocr_carea' id='block_1_5' title="bbox 501 1544 1852 1698">
    <p class='ocr_par' dir='ltr' id='par_1_6' title="bbox 501 1544 1852 1698">
     <span class='ocr_line' id='line_1_14' title="bbox 509 1544 1852 1611; baseline 0.003 -19"><span class='ocrx_word' id='word_1_66' title='bbox 509 1544 556 1610; x_wconf 78' lang='lat'>1)</span> <span class='ocrx_word' id='word_1_67' title='bbox 582 1557 712 1611; x_wconf 87' lang='lat' dir='ltr'>septa</span> <span class='ocrx_word' id='word_1_68' title='bbox 733 1547 948 1610; x_wconf 76' lang='lat' dir='ltr'>maigine</span> <span class='ocrx_word' id='word_1_69' title='bbox 974 1547 1171 1594; x_wconf 77' lang='lat' dir='ltr'>foliaceo</span> <span class='ocrx_word' id='word_1_70' title='bbox 1215 1546 1372 1594; x_wconf 87' lang='lat' dir='ltr'>lobata</span> <span class='ocrx_word' id='word_1_71' title='bbox 1410 1583 1422 1595; x_wconf 84' lang='lat'><strong>.</strong></span> <span class='ocrx_word' id='word_1_72' title='bbox 1464 1548 1852 1596; x_wconf 72' lang='lat' dir='ltr'>.Ammonitea.</span> 
     </span>
     <span class='ocr_line' id='line_1_15' title="bbox 501 1631 1481 1698; baseline 0.001 -20"><span class='ocrx_word' id='word_1_73' title='bbox 501 1631 555 1696; x_wconf 85' lang='lat'>2)</span> <span class='ocrx_word' id='word_1_74' title='bbox 582 1643 712 1698; x_wconf 84' lang='lat' dir='ltr'>septa</span> <span class='ocrx_word' id='word_1_75' title='bbox 746 1632 962 1696; x_wconf 82' lang='lat' dir='ltr'>maigine</span> <span class='ocrx_word' id='word_1_76' title='bbox 999 1632 1236 1698; x_wconf 81' lang='lat' dir='ltr'>lingulata</span> <span class='ocrx_word' id='word_1_77' title='bbox 1282 1633 1361 1682; x_wconf 83' lang='lat' dir='ltr'>vel</span> <span class='ocrx_word' id='word_1_78' title='bbox 1399 1651 1481 1679; x_wconf 92' lang='lat' dir='ltr'>an-</span> 
     </span>
    </p>
   </div>
   <div class='ocr_carea' id='block_1_6' title="bbox 436 1670 1938 2094">
    <p class='ocr_par' dir='ltr' id='par_1_7' title="bbox 436 1670 1938 2094">
     <span class='ocr_line' id='line_1_16' title="bbox 556 1670 1936 1764; baseline 0.004 -18"><span class='ocrx_word' id='word_1_79' title='bbox 556 1699 716 1764; x_wconf 83' lang='lat' dir='ltr'>gulata</span> <span class='ocrx_word' id='word_1_80' title='bbox 762 1699 840 1748; x_wconf 84' lang='lat' dir='ltr'>vel</span> <span class='ocrx_word' id='word_1_81' title='bbox 877 1697 1110 1746; x_wconf 81' lang='lat' dir='ltr'>undulata</span> <span class='ocrx_word' id='word_1_82' title='bbox 1147 1734 1481 1747; x_wconf 88' lang='grc'><strong>.......</strong></span> <span class='ocrx_word' id='word_1_83' title='bbox 1514 1703 1838 1752; x_wconf 77' lang='lat' dir='ltr'>Goniatitea.</span> <span class='ocrx_word' id='word_1_84' title='bbox 1831 1670 1847 1689; x_wconf 48' lang='grc' dir='ltr'><strong>ο</strong></span> <span class='ocrx_word' id='word_1_85' title='bbox 1877 1701 1936 1750; x_wconf 88' lang='grc' dir='ltr'>Ν.</span> 
     </span>
     <span class='ocr_line' id='line_1_17' title="bbox 498 1784 1772 1850; baseline 0.002 -18"><span class='ocrx_word' id='word_1_86' title='bbox 498 1784 549 1850; x_wconf 82' lang='grc'>3)</span> <span class='ocrx_word' id='word_1_87' title='bbox 570 1796 700 1850; x_wconf 81' lang='lat' dir='ltr'>septa</span> <span class='ocrx_word' id='word_1_88' title='bbox 747 1786 960 1850; x_wconf 84' lang='lat' dir='ltr'>margine</span> <span class='ocrx_word' id='word_1_89' title='bbox 1020 1786 1207 1850; x_wconf 83' lang='lat' dir='ltr'>integra</span> <span class='ocrx_word' id='word_1_90' title='bbox 1245 1820 1476 1833; x_wconf 90' lang='grc'><strong>.....</strong></span> <span class='ocrx_word' id='word_1_91' title='bbox 1497 1789 1772 1836; x_wconf 77' lang='lat' dir='ltr'>Nautilea.</span> 
     </span>
     <span class='ocr_line' id='line_1_18' title="bbox 436 1869 1937 1938; baseline 0.003 -18"><span class='ocrx_word' id='word_1_92' title='bbox 436 1871 497 1937; x_wconf 91' lang='lat' dir='ltr'>B)</span> <span class='ocrx_word' id='word_1_93' title='bbox 530 1872 670 1938; x_wconf 86' lang='lat' dir='ltr'>Septa</span> <span class='ocrx_word' id='word_1_94' title='bbox 709 1872 908 1938; x_wconf 83' lang='lat' dir='ltr'>siphone</span> <span class='ocrx_word' id='word_1_95' title='bbox 928 1871 1063 1919; x_wconf 91' lang='lat' dir='ltr'>nullo</span> <span class='ocrx_word' id='word_1_96' title='bbox 1096 1869 1308 1938; x_wconf 80' lang='lat' dir='ltr'>praedita</span> <span class='ocrx_word' id='word_1_97' title='bbox 1349 1909 1358 1919; x_wconf 90' lang='lat'><strong>.</strong></span> <span class='ocrx_word' id='word_1_98' title='bbox 1454 1875 1856 1923; x_wconf 74' lang='lat' dir='ltr'>..Asn‘noNomEA</span> <span class='ocrx_word' id='word_1_99' title='bbox 1878 1876 1937 1924; x_wconf 89' lang='lat' dir='ltr'>N.</span> 
     </span>
     <span class='ocr_line' id='line_1_19' title="bbox 509 1911 1479 2026; baseline 0.003 -19"><span class='ocrx_word' id='word_1_100' title='bbox 509 1959 557 2026; x_wconf 90' lang='lat'>1)</span> <span class='ocrx_word' id='word_1_101' title='bbox 577 1959 818 2008; x_wconf 87' lang='lat' dir='ltr'>anfractus</span> <span class='ocrx_word' id='word_1_102' title='bbox 841 1959 1045 2025; x_wconf 85' lang='lat' dir='ltr'>simplici</span> <span class='ocrx_word' id='word_1_103' title='bbox 1077 1959 1155 2009; x_wconf 80' lang='lat' dir='ltr'>vel</span> <span class='ocrx_word' id='word_1_104' title='bbox 1193 1960 1327 2009; x_wconf 67' lang='lat' dir='ltr'>nulla</span> <span class='ocrx_word' id='word_1_105' title='bbox 1348 1911 1479 2013; x_wconf 79' lang='lat' dir='ltr'>laini-</span> 
     </span>
     <span class='ocr_line' id='line_1_20' title="bbox 569 2028 1938 2094; baseline 0.003 -20"><span class='ocrx_word' id='word_1_106' title='bbox 569 2046 632 2074; x_wconf 85' lang='lat' dir='ltr'>na</span> <span class='ocrx_word' id='word_1_107' title='bbox 690 2028 862 2076; x_wconf 85' lang='lat' dir='ltr'>obtecti</span> <span class='ocrx_word' id='word_1_108' title='bbox 913 2063 1465 2081; x_wconf 88' lang='grc'><strong>...........</strong></span> <span class='ocrx_word' id='word_1_109' title='bbox 1493 2029 1938 2094; x_wconf 65' lang='grc' dir='ltr'>ΜὶονοεοορὶοαΝ.</span> 
     </span>
    </p>
   </div>
   <div class='ocr_carea' id='block_1_7' title="bbox 505 2112 1939 2251">
    <p class='ocr_par' dir='ltr' id='par_1_8' title="bbox 505 2112 1939 2248">
     <span class='ocr_line' id='line_1_21' title="bbox 505 2112 1486 2180; baseline 0.003 -18"><span class='ocrx_word' id='word_1_110' title='bbox 505 2112 558 2180; x_wconf 87' lang='lat'>2)</span> <span class='ocrx_word' id='word_1_111' title='bbox 583 2113 824 2162; x_wconf 82' lang='lat' dir='ltr'>anfractus</span> <span class='ocrx_word' id='word_1_112' title='bbox 843 2132 902 2162; x_wconf 81' lang='lat' dir='ltr'>ex</span> <span class='ocrx_word' id='word_1_113' title='bbox 930 2113 1149 2180; x_wconf 79' lang='lat' dir='ltr'>pluiibus</span> <span class='ocrx_word' id='word_1_114' title='bbox 1172 2114 1362 2163; x_wconf 83' lang='lat' dir='ltr'>laminis</span> <span class='ocrx_word' id='word_1_115' title='bbox 1395 2117 1486 2165; x_wconf 87' lang='lat' dir='ltr'>sibi</span> 
     </span>
     <span class='ocr_line' id='line_1_22' title="bbox 567 2182 1939 2251; baseline 0.006 -23"><span class='ocrx_word' id='word_1_116' title='bbox 567 2181 774 2230; x_wconf 81' lang='lat' dir='ltr'>invicem</span> <span class='ocrx_word' id='word_1_117' title='bbox 808 2182 1127 2248; x_wconf 79' lang='lat' dir='ltr'>injacentibus</span> <span class='ocrx_word' id='word_1_118' title='bbox 1158 2184 1469 2235; x_wconf 88' lang='lat' dir='ltr'>contabulati.</span> <span class='ocrx_word' id='word_1_119' title='bbox 1508 2186 1855 2236; x_wconf 76' lang='lat' dir='ltr'>contabulata.</span> <span class='ocrx_word' id='word_1_120' title='bbox 1873 2183 1939 2251; x_wconf 64' lang='lat' dir='ltr'>N..</span> 
     </span>
    </p>
   </div>
   <div class='ocr_carea' id='block_1_8' title="bbox 380 2287 1736 2411">
    <p class='ocr_par' dir='ltr' id='par_1_9' title="bbox 380 2287 1736 2410">
     <span class='ocr_line' id='line_1_23' title="bbox 380 2287 1479 2358; baseline 0.007 -23"><span class='ocrx_word' id='word_1_121' title='bbox 380 2288 445 2336; x_wconf 85' lang='lat' dir='ltr'>II.</span> <span class='ocrx_word' id='word_1_122' title='bbox 471 2287 663 2337; x_wconf 81' lang='lat' dir='ltr'>Animal</span> <span class='ocrx_word' id='word_1_123' title='bbox 686 2290 934 2356; x_wconf 85' lang='lat' dir='ltr'>ligamenti</span> <span class='ocrx_word' id='word_1_124' title='bbox 972 2309 1059 2358; x_wconf 86' lang='lat' dir='ltr'>ope</span> <span class='ocrx_word' id='word_1_125' title='bbox 1092 2302 1235 2341; x_wconf 86' lang='lat' dir='ltr'>testae</span> <span class='ocrx_word' id='word_1_126' title='bbox 1274 2311 1373 2342; x_wconf 87' lang='lat' dir='ltr'>non</span> <span class='ocrx_word' id='word_1_127' title='bbox 1395 2292 1479 2341; x_wconf 84' lang='lat' dir='ltr'>ad-</span> 
     </span>
     <span class='ocr_line' id='line_1_24' title="bbox 456 2355 1736 2411; baseline 0.005 -8"><span class='ocrx_word' id='word_1_128' title='bbox 456 2355 654 2406; x_wconf 85' lang='lat' dir='ltr'>haerens</span> <span class='ocrx_word' id='word_1_129' title='bbox 688 2359 766 2407; x_wconf 85' lang='lat' dir='ltr'>vel</span> <span class='ocrx_word' id='word_1_130' title='bbox 789 2359 905 2407; x_wconf 78' lang='lat' dir='ltr'>testa</span> <span class='ocrx_word' id='word_1_131' title='bbox 936 2360 1071 2407; x_wconf 89' lang='lat' dir='ltr'>nulla</span> <span class='ocrx_word' id='word_1_132' title='bbox 1110 2397 1120 2408; x_wconf 91' lang='lat'><strong>.</strong></span> <span class='ocrx_word' id='word_1_133' title='bbox 1168 2395 1181 2410; x_wconf 85' lang='lat'><strong>.</strong></span> <span class='ocrx_word' id='word_1_134' title='bbox 1220 2396 1233 2409; x_wconf 91' lang='lat'>.</span> <span class='ocrx_word' id='word_1_135' title='bbox 1427 2361 1736 2411; x_wconf 79' lang='lat' dir='ltr'><strong>,LIBERA.</strong></span> 
     </span>
    </p>
   </div>
   <div class='ocr_carea' id='block_1_9' title="bbox 405 2546 1900 2836">
    <p class='ocr_par' dir='ltr' id='par_1_10' title="bbox 405 2546 1900 2836">
     <span class='ocr_line' id='line_1_25' title="bbox 956 2546 1366 2604; baseline -0.002 -1"><span class='ocrx_word' id='word_1_136' title='bbox 956 2546 1223 2604; x_wconf 88' lang='lat' dir='ltr'><strong>CAPUT</strong></span> <span class='ocrx_word' id='word_1_137' title='bbox 1265 2547 1366 2604; x_wconf 88' lang='grc' dir='ltr'>ΠΙ.</span> 
     </span>
     <span class='ocr_line' id='line_1_26' title="bbox 405 2665 1900 2722; baseline 0.001 -5"><span class='ocrx_word' id='word_1_138' title='bbox 405 2666 497 2718; x_wconf 91' lang='lat' dir='ltr'>DE</span> <span class='ocrx_word' id='word_1_139' title='bbox 547 2665 1059 2722; x_wconf 88' lang='lat' dir='ltr'>CEPHALOPODIS</span> <span class='ocrx_word' id='word_1_140' title='bbox 1115 2666 1584 2722; x_wconf 84' lang='lat' dir='ltr'>SIPHONOIDEIS</span> <span class='ocrx_word' id='word_1_141' title='bbox 1639 2667 1707 2720; x_wconf 89' lang='lat' dir='ltr'>IN</span> <span class='ocrx_word' id='word_1_142' title='bbox 1744 2667 1900 2722; x_wconf 87' lang='lat' dir='ltr'>UNI—</span> 
     </span>
     <span class='ocr_line' id='line_1_27' title="bbox 1006 2781 1308 2836; baseline -0.013 0"><span class='ocrx_word' id='word_1_143' title='bbox 1006 2781 1308 2836; x_wconf 84' lang='lat' dir='ltr'><strong>VERSUM.</strong></span> 
     </span>
    </p>
   </div>
   <div class='ocr_carea' id='block_1_10' title="bbox 362 2892 1934 3232">
    <p class='ocr_par' dir='ltr' id='par_1_11' title="bbox 362 2892 1934 3232">
     <span class='ocr_line' id='line_1_28' title="bbox 454 2892 1932 2970; baseline 0.001 -19"><span class='ocrx_word' id='word_1_144' title='bbox 454 2893 886 2956; x_wconf 86' lang='lat' dir='ltr'>Universalibus</span> <span class='ocrx_word' id='word_1_145' title='bbox 941 2896 1028 2956; x_wconf 89' lang='lat' dir='ltr'>his</span> <span class='ocrx_word' id='word_1_146' title='bbox 1092 2895 1464 2955; x_wconf 86' lang='lat' dir='ltr'>divisionibus</span> <span class='ocrx_word' id='word_1_147' title='bbox 1534 2892 1932 2970; x_wconf 80' lang='lat' dir='ltr'>consideratis,</span> 
     </span>
     <span class='ocr_line' id='line_1_29' title="bbox 362 2979 1934 3064; baseline 0.001 -27"><span class='ocrx_word' id='word_1_148' title='bbox 362 2980 729 3060; x_wconf 31' lang='lat' dir='ltr'>,pervenimus</span> <span class='ocrx_word' id='word_1_149' title='bbox 763 3003 917 3041; x_wconf 90' lang='lat' dir='ltr'>nunc</span> <span class='ocrx_word' id='word_1_150' title='bbox 939 2982 1013 3040; x_wconf 83' lang='lat' dir='ltr'>ad</span> <span class='ocrx_word' id='word_1_151' title='bbox 1059 3003 1266 3064; x_wconf 73' lang='lat' dir='ltr'>genera</span> <span class='ocrx_word' id='word_1_152' title='bbox 1289 3028 1303 3054; x_wconf 79' lang='grc'>,</span> <span class='ocrx_word' id='word_1_153' title='bbox 1336 3002 1482 3063; x_wconf 83' lang='lat' dir='ltr'>quae</span> <span class='ocrx_word' id='word_1_154' title='bbox 1518 2979 1590 3038; x_wconf 87' lang='lat' dir='ltr'>ad</span> <span class='ocrx_word' id='word_1_155' title='bbox 1637 2980 1729 3037; x_wconf 89' lang='lat' dir='ltr'>illa</span> <span class='ocrx_word' id='word_1_156' title='bbox 1755 2981 1934 3060; x_wconf 52' lang='lat' dir='ltr'>perti-v</span> 
     </span>
     <span class='ocr_line' id='line_1_30' title="bbox 373 3067 1933 3147; baseline 0.001 -24"><span class='ocrx_word' id='word_1_157' title='bbox 373 3081 525 3138; x_wconf 85' lang='lat' dir='ltr'>nent,</span> <span class='ocrx_word' id='word_1_158' title='bbox 555 3069 876 3126; x_wconf 85' lang='lat' dir='ltr'>accuratius</span> <span class='ocrx_word' id='word_1_159' title='bbox 906 3067 1256 3147; x_wconf 85' lang='lat' dir='ltr'>exponenda.</span> <span class='ocrx_word' id='word_1_160' title='bbox 1280 3067 1483 3124; x_wconf 90' lang='lat' dir='ltr'>Omnia</span> <span class='ocrx_word' id='word_1_161' title='bbox 1517 3086 1653 3124; x_wconf 87' lang='lat' dir='ltr'>vero</span> <span class='ocrx_word' id='word_1_162' title='bbox 1675 3081 1933 3142; x_wconf 83' lang='lat' dir='ltr'>tractare,</span> 
     </span>
     <span class='ocr_line' id='line_1_31' title="bbox 377 3150 1933 3232; baseline 0.001 -22"><span class='ocrx_word' id='word_1_163' title='bbox 377 3172 523 3232; x_wconf 86' lang='lat' dir='ltr'>quae</span> <span class='ocrx_word' id='word_1_164' title='bbox 580 3150 765 3212; x_wconf 83' lang='lat' dir='ltr'>ordini</span> <span class='ocrx_word' id='word_1_165' title='bbox 829 3152 1374 3232; x_wconf 77' lang='lat' dir='ltr'>Ceplzalopodoram</span> <span class='ocrx_word' id='word_1_166' title='bbox 1440 3151 1836 3232; x_wconf 74' lang='lat' dir='ltr'>accensentui,</span> <span class='ocrx_word' id='word_1_167' title='bbox 1899 3173 1933 3212; x_wconf 83' lang='lat' dir='ltr'>a</span> 
     </span>
    </p>
   </div>
  </div>
 </body>
</html>
